%YAML 1.1
%TAG !u! tag:unity3d.com,2011:
--- !u!1 &534485096685456773
GameObject:
  m_ObjectHideFlags: 0
  m_CorrespondingSourceObject: {fileID: 0}
  m_PrefabInstance: {fileID: 0}
  m_PrefabAsset: {fileID: 0}
  serializedVersion: 6
  m_Component:
  - component: {fileID: 534485096685456771}
  - component: {fileID: 2944473783421198035}
  - component: {fileID: 8373089474215229343}
  - component: {fileID: 7584530834274632358}
  - component: {fileID: -4042249677843182786}
  m_Layer: 12
  m_Name: NetworkDeliDrone
  m_TagString: Untagged
  m_Icon: {fileID: 0}
  m_NavMeshLayer: 0
  m_StaticEditorFlags: 0
  m_IsActive: 1
--- !u!4 &534485096685456771
Transform:
  m_ObjectHideFlags: 0
  m_CorrespondingSourceObject: {fileID: 0}
  m_PrefabInstance: {fileID: 0}
  m_PrefabAsset: {fileID: 0}
  m_GameObject: {fileID: 534485096685456773}
  m_LocalRotation: {x: 0, y: 0, z: 0, w: 1}
  m_LocalPosition: {x: 31.71, y: 0, z: -118.31}
  m_LocalScale: {x: 1, y: 1, z: 1}
  m_Children:
  - {fileID: 3425736475845574417}
  - {fileID: 2428237432754405206}
  m_Father: {fileID: 0}
  m_RootOrder: 0
  m_LocalEulerAnglesHint: {x: 0, y: 0, z: 0}
--- !u!114 &2944473783421198035
MonoBehaviour:
  m_ObjectHideFlags: 0
  m_CorrespondingSourceObject: {fileID: 0}
  m_PrefabInstance: {fileID: 0}
  m_PrefabAsset: {fileID: 0}
  m_GameObject: {fileID: 534485096685456773}
  m_Enabled: 1
  m_EditorHideFlags: 0
  m_Script: {fileID: 11500000, guid: aa584fbee541324448dd18d8409c7a41, type: 3}
  m_Name: 
  m_EditorClassIdentifier: 
  ObservedComponentsFoldoutOpen: 1
  Group: 0
  prefixField: -1
  Synchronization: 3
  OwnershipTransfer: 0
  ObservedComponents:
  - {fileID: 8373089474215229343}
  viewIdField: 0
  InstantiationId: 0
  isRuntimeInstantiated: 0
--- !u!114 &8373089474215229343
MonoBehaviour:
  m_ObjectHideFlags: 0
  m_CorrespondingSourceObject: {fileID: 0}
  m_PrefabInstance: {fileID: 0}
  m_PrefabAsset: {fileID: 0}
  m_GameObject: {fileID: 534485096685456773}
  m_Enabled: 1
  m_EditorHideFlags: 0
  m_Script: {fileID: 11500000, guid: 627855c7f81362d41938ffe0b1475957, type: 3}
  m_Name: 
  m_EditorClassIdentifier: 
  m_SynchronizePosition: 1
  m_SynchronizeRotation: 1
  m_SynchronizeScale: 0
--- !u!114 &7584530834274632358
MonoBehaviour:
  m_ObjectHideFlags: 0
  m_CorrespondingSourceObject: {fileID: 0}
  m_PrefabInstance: {fileID: 0}
  m_PrefabAsset: {fileID: 0}
  m_GameObject: {fileID: 534485096685456773}
  m_Enabled: 1
  m_EditorHideFlags: 0
  m_Script: {fileID: 11500000, guid: d79bea8fa46ab304391dd5ab5a7a571b, type: 3}
  m_Name: 
  m_EditorClassIdentifier: 
  Body: {fileID: 2648531647379531179}
--- !u!114 &-4042249677843182786
MonoBehaviour:
  m_ObjectHideFlags: 0
  m_CorrespondingSourceObject: {fileID: 0}
  m_PrefabInstance: {fileID: 0}
  m_PrefabAsset: {fileID: 0}
  m_GameObject: {fileID: 534485096685456773}
  m_Enabled: 1
  m_EditorHideFlags: 0
  m_Script: {fileID: 11500000, guid: a811fbecab6c84bcb948fab93f9d01bd, type: 3}
  m_Name: 
  m_EditorClassIdentifier: 
  isCarryingCargo: 0
  view: {fileID: 0}
--- !u!1001 &2754070370752174269
PrefabInstance:
  m_ObjectHideFlags: 0
  serializedVersion: 2
  m_Modification:
    m_TransformParent: {fileID: 534485096685456771}
    m_Modifications:
    - target: {fileID: -8679921383154817045, guid: c1b2b8e868b9f2a44b051136d3c08ba9,
        type: 3}
      propertyPath: m_RootOrder
      value: 1
      objectReference: {fileID: 0}
    - target: {fileID: -8679921383154817045, guid: c1b2b8e868b9f2a44b051136d3c08ba9,
        type: 3}
      propertyPath: m_LocalScale.x
      value: 0.30764
      objectReference: {fileID: 0}
    - target: {fileID: -8679921383154817045, guid: c1b2b8e868b9f2a44b051136d3c08ba9,
        type: 3}
      propertyPath: m_LocalScale.y
      value: 0.30764
      objectReference: {fileID: 0}
    - target: {fileID: -8679921383154817045, guid: c1b2b8e868b9f2a44b051136d3c08ba9,
        type: 3}
      propertyPath: m_LocalScale.z
      value: 0.30764
      objectReference: {fileID: 0}
    - target: {fileID: -8679921383154817045, guid: c1b2b8e868b9f2a44b051136d3c08ba9,
        type: 3}
      propertyPath: m_LocalPosition.x
      value: 0
      objectReference: {fileID: 0}
    - target: {fileID: -8679921383154817045, guid: c1b2b8e868b9f2a44b051136d3c08ba9,
        type: 3}
      propertyPath: m_LocalPosition.y
      value: 0.522
      objectReference: {fileID: 0}
    - target: {fileID: -8679921383154817045, guid: c1b2b8e868b9f2a44b051136d3c08ba9,
        type: 3}
      propertyPath: m_LocalPosition.z
      value: 0
      objectReference: {fileID: 0}
    - target: {fileID: -8679921383154817045, guid: c1b2b8e868b9f2a44b051136d3c08ba9,
        type: 3}
      propertyPath: m_LocalRotation.w
      value: 1
      objectReference: {fileID: 0}
    - target: {fileID: -8679921383154817045, guid: c1b2b8e868b9f2a44b051136d3c08ba9,
        type: 3}
      propertyPath: m_LocalRotation.x
      value: 0
      objectReference: {fileID: 0}
    - target: {fileID: -8679921383154817045, guid: c1b2b8e868b9f2a44b051136d3c08ba9,
        type: 3}
      propertyPath: m_LocalRotation.y
      value: 0
      objectReference: {fileID: 0}
    - target: {fileID: -8679921383154817045, guid: c1b2b8e868b9f2a44b051136d3c08ba9,
        type: 3}
      propertyPath: m_LocalRotation.z
      value: 0
      objectReference: {fileID: 0}
    - target: {fileID: -8679921383154817045, guid: c1b2b8e868b9f2a44b051136d3c08ba9,
        type: 3}
      propertyPath: m_LocalEulerAnglesHint.x
      value: 0
      objectReference: {fileID: 0}
    - target: {fileID: -8679921383154817045, guid: c1b2b8e868b9f2a44b051136d3c08ba9,
        type: 3}
      propertyPath: m_LocalEulerAnglesHint.y
      value: 0
      objectReference: {fileID: 0}
    - target: {fileID: -8679921383154817045, guid: c1b2b8e868b9f2a44b051136d3c08ba9,
        type: 3}
      propertyPath: m_LocalEulerAnglesHint.z
      value: 0
      objectReference: {fileID: 0}
    - target: {fileID: -7870915111518396395, guid: c1b2b8e868b9f2a44b051136d3c08ba9,
        type: 3}
      propertyPath: m_Layer
      value: 12
      objectReference: {fileID: 0}
    - target: {fileID: -1544627334454538194, guid: c1b2b8e868b9f2a44b051136d3c08ba9,
        type: 3}
      propertyPath: m_Layer
      value: 12
      objectReference: {fileID: 0}
    - target: {fileID: 919132149155446097, guid: c1b2b8e868b9f2a44b051136d3c08ba9,
        type: 3}
      propertyPath: m_Name
      value: Cargo
      objectReference: {fileID: 0}
    - target: {fileID: 919132149155446097, guid: c1b2b8e868b9f2a44b051136d3c08ba9,
        type: 3}
      propertyPath: m_Layer
      value: 12
      objectReference: {fileID: 0}
    - target: {fileID: 7861854473326295642, guid: c1b2b8e868b9f2a44b051136d3c08ba9,
        type: 3}
      propertyPath: m_Layer
      value: 12
      objectReference: {fileID: 0}
    m_RemovedComponents: []
  m_SourcePrefab: {fileID: 100100000, guid: c1b2b8e868b9f2a44b051136d3c08ba9, type: 3}
--- !u!4 &2428237432754405206 stripped
Transform:
  m_CorrespondingSourceObject: {fileID: -8679921383154817045, guid: c1b2b8e868b9f2a44b051136d3c08ba9,
    type: 3}
  m_PrefabInstance: {fileID: 2754070370752174269}
  m_PrefabAsset: {fileID: 0}
--- !u!1001 &2882321705192315130
PrefabInstance:
  m_ObjectHideFlags: 0
  serializedVersion: 2
  m_Modification:
    m_TransformParent: {fileID: 534485096685456771}
    m_Modifications:
    - target: {fileID: -8679921383154817045, guid: 900fddcf40275f946a708e82a0ef44b8,
        type: 3}
      propertyPath: m_RootOrder
      value: 0
      objectReference: {fileID: 0}
    - target: {fileID: -8679921383154817045, guid: 900fddcf40275f946a708e82a0ef44b8,
        type: 3}
      propertyPath: m_LocalScale.x
      value: 0.3
      objectReference: {fileID: 0}
    - target: {fileID: -8679921383154817045, guid: 900fddcf40275f946a708e82a0ef44b8,
        type: 3}
      propertyPath: m_LocalScale.y
      value: 0.3
      objectReference: {fileID: 0}
    - target: {fileID: -8679921383154817045, guid: 900fddcf40275f946a708e82a0ef44b8,
        type: 3}
      propertyPath: m_LocalScale.z
      value: 0.3
      objectReference: {fileID: 0}
    - target: {fileID: -8679921383154817045, guid: 900fddcf40275f946a708e82a0ef44b8,
        type: 3}
      propertyPath: m_LocalPosition.x
      value: 0
      objectReference: {fileID: 0}
    - target: {fileID: -8679921383154817045, guid: 900fddcf40275f946a708e82a0ef44b8,
        type: 3}
      propertyPath: m_LocalPosition.y
      value: 0.5
      objectReference: {fileID: 0}
    - target: {fileID: -8679921383154817045, guid: 900fddcf40275f946a708e82a0ef44b8,
        type: 3}
      propertyPath: m_LocalPosition.z
      value: 0
      objectReference: {fileID: 0}
    - target: {fileID: -8679921383154817045, guid: 900fddcf40275f946a708e82a0ef44b8,
        type: 3}
      propertyPath: m_LocalRotation.w
      value: 1
      objectReference: {fileID: 0}
    - target: {fileID: -8679921383154817045, guid: 900fddcf40275f946a708e82a0ef44b8,
        type: 3}
      propertyPath: m_LocalRotation.x
      value: 0
      objectReference: {fileID: 0}
    - target: {fileID: -8679921383154817045, guid: 900fddcf40275f946a708e82a0ef44b8,
        type: 3}
      propertyPath: m_LocalRotation.y
      value: 0
      objectReference: {fileID: 0}
    - target: {fileID: -8679921383154817045, guid: 900fddcf40275f946a708e82a0ef44b8,
        type: 3}
      propertyPath: m_LocalRotation.z
      value: 0
      objectReference: {fileID: 0}
    - target: {fileID: -8679921383154817045, guid: 900fddcf40275f946a708e82a0ef44b8,
        type: 3}
      propertyPath: m_LocalEulerAnglesHint.x
      value: 0
      objectReference: {fileID: 0}
    - target: {fileID: -8679921383154817045, guid: 900fddcf40275f946a708e82a0ef44b8,
        type: 3}
      propertyPath: m_LocalEulerAnglesHint.y
      value: 0
      objectReference: {fileID: 0}
    - target: {fileID: -8679921383154817045, guid: 900fddcf40275f946a708e82a0ef44b8,
        type: 3}
      propertyPath: m_LocalEulerAnglesHint.z
      value: 0
      objectReference: {fileID: 0}
    - target: {fileID: -6213862077976322407, guid: 900fddcf40275f946a708e82a0ef44b8,
        type: 3}
      propertyPath: m_Layer
      value: 12
      objectReference: {fileID: 0}
    - target: {fileID: -5778758672532902177, guid: 900fddcf40275f946a708e82a0ef44b8,
        type: 3}
      propertyPath: m_Layer
      value: 12
      objectReference: {fileID: 0}
    - target: {fileID: -4145399293245444122, guid: 900fddcf40275f946a708e82a0ef44b8,
        type: 3}
      propertyPath: m_Materials.Array.data[0]
      value: 
      objectReference: {fileID: 2100000, guid: 6ae1ac2e7d258444f9edf98ab0c1cb88, type: 2}
    - target: {fileID: -3026116089100987063, guid: 900fddcf40275f946a708e82a0ef44b8,
        type: 3}
      propertyPath: m_Materials.Array.data[0]
      value: 
      objectReference: {fileID: 2100000, guid: 6ae1ac2e7d258444f9edf98ab0c1cb88, type: 2}
    - target: {fileID: -2359129523361981530, guid: 900fddcf40275f946a708e82a0ef44b8,
        type: 3}
      propertyPath: m_Layer
      value: 12
      objectReference: {fileID: 0}
    - target: {fileID: -1693780210609098791, guid: 900fddcf40275f946a708e82a0ef44b8,
        type: 3}
      propertyPath: m_Layer
      value: 12
      objectReference: {fileID: 0}
    - target: {fileID: 919132149155446097, guid: 900fddcf40275f946a708e82a0ef44b8,
        type: 3}
      propertyPath: m_Name
      value: DelDrone_Final
      objectReference: {fileID: 0}
    - target: {fileID: 919132149155446097, guid: 900fddcf40275f946a708e82a0ef44b8,
        type: 3}
      propertyPath: m_Layer
      value: 12
      objectReference: {fileID: 0}
    - target: {fileID: 1934285513586114774, guid: 900fddcf40275f946a708e82a0ef44b8,
        type: 3}
      propertyPath: m_Layer
      value: 12
      objectReference: {fileID: 0}
    - target: {fileID: 2615017501521531673, guid: 900fddcf40275f946a708e82a0ef44b8,
        type: 3}
      propertyPath: m_Layer
      value: 12
      objectReference: {fileID: 0}
    - target: {fileID: 3010230258236814904, guid: 900fddcf40275f946a708e82a0ef44b8,
        type: 3}
      propertyPath: m_Materials.Array.data[0]
      value: 
      objectReference: {fileID: 2100000, guid: 6ae1ac2e7d258444f9edf98ab0c1cb88, type: 2}
    - target: {fileID: 3351681135197657201, guid: 900fddcf40275f946a708e82a0ef44b8,
        type: 3}
      propertyPath: m_Materials.Array.data[0]
      value: 
      objectReference: {fileID: 2100000, guid: 6ae1ac2e7d258444f9edf98ab0c1cb88, type: 2}
    - target: {fileID: 3967487940789967588, guid: 900fddcf40275f946a708e82a0ef44b8,
        type: 3}
      propertyPath: m_Materials.Array.data[0]
      value: 
      objectReference: {fileID: 2100000, guid: 6ae1ac2e7d258444f9edf98ab0c1cb88, type: 2}
    - target: {fileID: 4714058742952000946, guid: 900fddcf40275f946a708e82a0ef44b8,
        type: 3}
      propertyPath: m_Layer
      value: 12
      objectReference: {fileID: 0}
    - target: {fileID: 5660708797657884154, guid: 900fddcf40275f946a708e82a0ef44b8,
        type: 3}
      propertyPath: m_Materials.Array.data[0]
      value: 
      objectReference: {fileID: 2100000, guid: 6ae1ac2e7d258444f9edf98ab0c1cb88, type: 2}
    - target: {fileID: 6117573893439707953, guid: 900fddcf40275f946a708e82a0ef44b8,
        type: 3}
      propertyPath: m_Materials.Array.data[0]
      value: 
      objectReference: {fileID: 2100000, guid: 6ae1ac2e7d258444f9edf98ab0c1cb88, type: 2}
    m_RemovedComponents: []
  m_SourcePrefab: {fileID: 100100000, guid: 900fddcf40275f946a708e82a0ef44b8, type: 3}
--- !u!1 &2648531647379531179 stripped
GameObject:
  m_CorrespondingSourceObject: {fileID: 919132149155446097, guid: 900fddcf40275f946a708e82a0ef44b8,
    type: 3}
  m_PrefabInstance: {fileID: 2882321705192315130}
  m_PrefabAsset: {fileID: 0}
--- !u!4 &3425736475845574417 stripped
Transform:
  m_CorrespondingSourceObject: {fileID: -8679921383154817045, guid: 900fddcf40275f946a708e82a0ef44b8,
    type: 3}
  m_PrefabInstance: {fileID: 2882321705192315130}
  m_PrefabAsset: {fileID: 0}
