%YAML 1.1
%TAG !u! tag:unity3d.com,2011:
--- !u!1 &8982352379334307996
GameObject:
  m_ObjectHideFlags: 0
  m_CorrespondingSourceObject: {fileID: 0}
  m_PrefabInstance: {fileID: 0}
  m_PrefabAsset: {fileID: 0}
  serializedVersion: 6
  m_Component:
  - component: {fileID: 8982352379334307995}
  m_Layer: 0
  m_Name: f_pinky.03.L
  m_TagString: Untagged
  m_Icon: {fileID: 0}
  m_NavMeshLayer: 0
  m_StaticEditorFlags: 0
  m_IsActive: 1
--- !u!4 &8982352379334307995
Transform:
  m_ObjectHideFlags: 0
  m_CorrespondingSourceObject: {fileID: 0}
  m_PrefabInstance: {fileID: 0}
  m_PrefabAsset: {fileID: 0}
  m_GameObject: {fileID: 8982352379334307996}
  m_LocalRotation: {x: 0.018514037, y: -0.041585077, z: 0.025687288, w: 0.99863315}
  m_LocalPosition: {x: -2.6077032e-10, y: 0.00012487725, z: -4.4703483e-10}
  m_LocalScale: {x: 0.9999999, y: 0.9999998, z: 0.99999994}
  m_Children:
  - {fileID: 8982352380884295981}
  m_Father: {fileID: 8982352381235245448}
  m_RootOrder: 0
  m_LocalEulerAnglesHint: {x: 0, y: 0, z: 0}
--- !u!1 &8982352379343539135
GameObject:
  m_ObjectHideFlags: 0
  m_CorrespondingSourceObject: {fileID: 0}
  m_PrefabInstance: {fileID: 0}
  m_PrefabAsset: {fileID: 0}
  serializedVersion: 6
  m_Component:
  - component: {fileID: 8982352379343539134}
  m_Layer: 0
  m_Name: thumb.03.L
  m_TagString: Untagged
  m_Icon: {fileID: 0}
  m_NavMeshLayer: 0
  m_StaticEditorFlags: 0
  m_IsActive: 1
--- !u!4 &8982352379343539134
Transform:
  m_ObjectHideFlags: 0
  m_CorrespondingSourceObject: {fileID: 0}
  m_PrefabInstance: {fileID: 0}
  m_PrefabAsset: {fileID: 0}
  m_GameObject: {fileID: 8982352379343539135}
  m_LocalRotation: {x: 0.04777205, y: 0.13295719, z: -0.02216303, w: 0.9897217}
  m_LocalPosition: {x: 4.4703483e-10, y: 0.00019875524, z: -1.4901161e-10}
  m_LocalScale: {x: 1, y: 1, z: 1}
  m_Children:
  - {fileID: 8982352380867585433}
  m_Father: {fileID: 8982352379973850343}
  m_RootOrder: 0
  m_LocalEulerAnglesHint: {x: 0, y: 0, z: 0}
--- !u!1 &8982352379351318217
GameObject:
  m_ObjectHideFlags: 0
  m_CorrespondingSourceObject: {fileID: 0}
  m_PrefabInstance: {fileID: 0}
  m_PrefabAsset: {fileID: 0}
  serializedVersion: 6
  m_Component:
  - component: {fileID: 8982352379351318216}
  m_Layer: 0
  m_Name: f_ring.02.R
  m_TagString: Untagged
  m_Icon: {fileID: 0}
  m_NavMeshLayer: 0
  m_StaticEditorFlags: 0
  m_IsActive: 1
--- !u!4 &8982352379351318216
Transform:
  m_ObjectHideFlags: 0
  m_CorrespondingSourceObject: {fileID: 0}
  m_PrefabInstance: {fileID: 0}
  m_PrefabAsset: {fileID: 0}
  m_GameObject: {fileID: 8982352379351318217}
  m_LocalRotation: {x: -0.03441726, y: -0.09810406, z: 0.048715882, w: 0.99338704}
  m_LocalPosition: {x: 0.0000000015646219, y: 0.00029808245, z: -5.9604643e-10}
  m_LocalScale: {x: 1, y: 1, z: 1}
  m_Children:
  - {fileID: 8982352380286489549}
  m_Father: {fileID: 8982352380300485860}
  m_RootOrder: 0
  m_LocalEulerAnglesHint: {x: 0, y: 0, z: 0}
--- !u!1 &8982352379386518243
GameObject:
  m_ObjectHideFlags: 0
  m_CorrespondingSourceObject: {fileID: 0}
  m_PrefabInstance: {fileID: 0}
  m_PrefabAsset: {fileID: 0}
  serializedVersion: 6
  m_Component:
  - component: {fileID: 8982352379386518242}
  m_Layer: 0
  m_Name: shin.L
  m_TagString: Untagged
  m_Icon: {fileID: 0}
  m_NavMeshLayer: 0
  m_StaticEditorFlags: 0
  m_IsActive: 1
--- !u!4 &8982352379386518242
Transform:
  m_ObjectHideFlags: 0
  m_CorrespondingSourceObject: {fileID: 0}
  m_PrefabInstance: {fileID: 0}
  m_PrefabAsset: {fileID: 0}
  m_GameObject: {fileID: 8982352379386518243}
  m_LocalRotation: {x: 0.028766036, y: 0.004864916, z: 0.00027787962, w: 0.9995743}
  m_LocalPosition: {x: -9.3132255e-12, y: 0.00443686, z: 2.7939677e-11}
  m_LocalScale: {x: 0.99999994, y: 0.99999994, z: 1}
  m_Children:
  - {fileID: 8982352380341000649}
  m_Father: {fileID: 8982352379516012862}
  m_RootOrder: 0
  m_LocalEulerAnglesHint: {x: 0, y: 0, z: 0}
--- !u!1 &8982352379430723270
GameObject:
  m_ObjectHideFlags: 0
  m_CorrespondingSourceObject: {fileID: 0}
  m_PrefabInstance: {fileID: 0}
  m_PrefabAsset: {fileID: 0}
  serializedVersion: 6
  m_Component:
  - component: {fileID: 8982352379430723269}
  m_Layer: 0
  m_Name: palm.04.R
  m_TagString: Untagged
  m_Icon: {fileID: 0}
  m_NavMeshLayer: 0
  m_StaticEditorFlags: 0
  m_IsActive: 1
--- !u!4 &8982352379430723269
Transform:
  m_ObjectHideFlags: 0
  m_CorrespondingSourceObject: {fileID: 0}
  m_PrefabInstance: {fileID: 0}
  m_PrefabAsset: {fileID: 0}
  m_GameObject: {fileID: 8982352379430723270}
  m_LocalRotation: {x: 0.26562294, y: -0.12672973, z: 0.01354517, w: 0.9556153}
  m_LocalPosition: {x: -0.000119683646, y: 0.00035173877, z: 0.00021237336}
  m_LocalScale: {x: 1.0000001, y: 1, z: 1}
  m_Children:
  - {fileID: 8982352379947767791}
  m_Father: {fileID: 8982352380400692683}
  m_RootOrder: 3
  m_LocalEulerAnglesHint: {x: 0, y: 0, z: 0}
--- !u!1 &8982352379462303147
GameObject:
  m_ObjectHideFlags: 0
  m_CorrespondingSourceObject: {fileID: 0}
  m_PrefabInstance: {fileID: 0}
  m_PrefabAsset: {fileID: 0}
  serializedVersion: 6
  m_Component:
  - component: {fileID: 8982352379462303146}
  m_Layer: 0
  m_Name: f_middle.02.L
  m_TagString: Untagged
  m_Icon: {fileID: 0}
  m_NavMeshLayer: 0
  m_StaticEditorFlags: 0
  m_IsActive: 1
--- !u!4 &8982352379462303146
Transform:
  m_ObjectHideFlags: 0
  m_CorrespondingSourceObject: {fileID: 0}
  m_PrefabInstance: {fileID: 0}
  m_PrefabAsset: {fileID: 0}
  m_GameObject: {fileID: 8982352379462303147}
  m_LocalRotation: {x: -0.007470403, y: 0.1215076, z: -0.05907826, w: 0.99080265}
  m_LocalPosition: {x: 6.705522e-10, y: 0.00030430034, z: 6.3329936e-10}
  m_LocalScale: {x: 0.99999994, y: 1.0000001, z: 0.99999994}
  m_Children:
  - {fileID: 8982352380431266217}
  m_Father: {fileID: 8982352380840230753}
  m_RootOrder: 0
  m_LocalEulerAnglesHint: {x: 0, y: 0, z: 0}
--- !u!1 &8982352379473244471
GameObject:
  m_ObjectHideFlags: 0
  m_CorrespondingSourceObject: {fileID: 0}
  m_PrefabInstance: {fileID: 0}
  m_PrefabAsset: {fileID: 0}
  serializedVersion: 6
  m_Component:
  - component: {fileID: 8982352379473244470}
  m_Layer: 0
  m_Name: f_pinky.03.R
  m_TagString: Untagged
  m_Icon: {fileID: 0}
  m_NavMeshLayer: 0
  m_StaticEditorFlags: 0
  m_IsActive: 1
--- !u!4 &8982352379473244470
Transform:
  m_ObjectHideFlags: 0
  m_CorrespondingSourceObject: {fileID: 0}
  m_PrefabInstance: {fileID: 0}
  m_PrefabAsset: {fileID: 0}
  m_GameObject: {fileID: 8982352379473244471}
  m_LocalRotation: {x: 0.01851405, y: 0.04158504, z: -0.025687285, w: 0.99863315}
  m_LocalPosition: {x: -2.2351741e-10, y: 0.0001248797, z: 0}
  m_LocalScale: {x: 0.9999999, y: 0.9999997, z: 1}
  m_Children:
  - {fileID: 8982352380256058370}
  m_Father: {fileID: 8982352380667450823}
  m_RootOrder: 0
  m_LocalEulerAnglesHint: {x: 0, y: 0, z: 0}
--- !u!1 &8982352379493774176
GameObject:
  m_ObjectHideFlags: 0
  m_CorrespondingSourceObject: {fileID: 0}
  m_PrefabInstance: {fileID: 0}
  m_PrefabAsset: {fileID: 0}
  serializedVersion: 6
  m_Component:
  - component: {fileID: 8982352379493774191}
  m_Layer: 0
  m_Name: f_index.02.L
  m_TagString: Untagged
  m_Icon: {fileID: 0}
  m_NavMeshLayer: 0
  m_StaticEditorFlags: 0
  m_IsActive: 1
--- !u!4 &8982352379493774191
Transform:
  m_ObjectHideFlags: 0
  m_CorrespondingSourceObject: {fileID: 0}
  m_PrefabInstance: {fileID: 0}
  m_PrefabAsset: {fileID: 0}
  m_GameObject: {fileID: 8982352379493774176}
  m_LocalRotation: {x: 0.124928266, y: 0.18419658, z: -0.07542808, w: 0.9719955}
  m_LocalPosition: {x: -0.0000000011920929, y: 0.00027702627, z: 5.9604643e-10}
  m_LocalScale: {x: 1, y: 0.99999994, z: 0.9999999}
  m_Children:
  - {fileID: 8982352379843042803}
  m_Father: {fileID: 8982352380176758757}
  m_RootOrder: 0
  m_LocalEulerAnglesHint: {x: 0, y: 0, z: 0}
--- !u!1 &8982352379516012863
GameObject:
  m_ObjectHideFlags: 0
  m_CorrespondingSourceObject: {fileID: 0}
  m_PrefabInstance: {fileID: 0}
  m_PrefabAsset: {fileID: 0}
  serializedVersion: 6
  m_Component:
  - component: {fileID: 8982352379516012862}
  m_Layer: 0
  m_Name: thigh.L
  m_TagString: Untagged
  m_Icon: {fileID: 0}
  m_NavMeshLayer: 0
  m_StaticEditorFlags: 0
  m_IsActive: 1
--- !u!4 &8982352379516012862
Transform:
  m_ObjectHideFlags: 0
  m_CorrespondingSourceObject: {fileID: 0}
  m_PrefabInstance: {fileID: 0}
  m_PrefabAsset: {fileID: 0}
  m_GameObject: {fileID: 8982352379516012863}
  m_LocalRotation: {x: 0.9906213, y: 0.0101326285, z: -0.04275131, w: 0.1293795}
  m_LocalPosition: {x: -0.0014362317, y: -0.00027391413, z: 0.00041743956}
  m_LocalScale: {x: 1, y: 1, z: 1.0000002}
  m_Children:
  - {fileID: 8982352379386518242}
  m_Father: {fileID: 8982352381392659304}
  m_RootOrder: 1
  m_LocalEulerAnglesHint: {x: 0, y: 0, z: 0}
--- !u!1 &8982352379598274358
GameObject:
  m_ObjectHideFlags: 0
  m_CorrespondingSourceObject: {fileID: 0}
  m_PrefabInstance: {fileID: 0}
  m_PrefabAsset: {fileID: 0}
  serializedVersion: 6
  m_Component:
  - component: {fileID: 8982352379598274357}
  m_Layer: 0
  m_Name: f_ring.01.L
  m_TagString: Untagged
  m_Icon: {fileID: 0}
  m_NavMeshLayer: 0
  m_StaticEditorFlags: 0
  m_IsActive: 1
--- !u!4 &8982352379598274357
Transform:
  m_ObjectHideFlags: 0
  m_CorrespondingSourceObject: {fileID: 0}
  m_PrefabInstance: {fileID: 0}
  m_PrefabAsset: {fileID: 0}
  m_GameObject: {fileID: 8982352379598274358}
  m_LocalRotation: {x: -0.022480207, y: 0.12660874, z: -0.07346316, w: 0.98897326}
  m_LocalPosition: {x: 6.705522e-10, y: 0.00071190845, z: -2.9802322e-10}
  m_LocalScale: {x: 1, y: 1, z: 1}
  m_Children:
  - {fileID: 8982352381087257270}
  m_Father: {fileID: 8982352380767669015}
  m_RootOrder: 0
  m_LocalEulerAnglesHint: {x: 0, y: 0, z: 0}
--- !u!1 &8982352379611296248
GameObject:
  m_ObjectHideFlags: 0
  m_CorrespondingSourceObject: {fileID: 0}
  m_PrefabInstance: {fileID: 0}
  m_PrefabAsset: {fileID: 0}
  serializedVersion: 6
  m_Component:
  - component: {fileID: 8982352379611296231}
  - component: {fileID: 8982352379611296230}
  m_Layer: 0
  m_Name: Body
  m_TagString: Untagged
  m_Icon: {fileID: 0}
  m_NavMeshLayer: 0
  m_StaticEditorFlags: 0
  m_IsActive: 1
--- !u!4 &8982352379611296231
Transform:
  m_ObjectHideFlags: 0
  m_CorrespondingSourceObject: {fileID: 0}
  m_PrefabInstance: {fileID: 0}
  m_PrefabAsset: {fileID: 0}
  m_GameObject: {fileID: 8982352379611296248}
  m_LocalRotation: {x: 0.00000008146034, y: 0, z: -0, w: 1}
  m_LocalPosition: {x: -0, y: 0, z: 0}
  m_LocalScale: {x: 10, y: 10, z: 10}
  m_Children: []
  m_Father: {fileID: 8982352380102398919}
  m_RootOrder: 0
  m_LocalEulerAnglesHint: {x: 0, y: 0, z: 0}
--- !u!137 &8982352379611296230
SkinnedMeshRenderer:
  m_ObjectHideFlags: 0
  m_CorrespondingSourceObject: {fileID: 0}
  m_PrefabInstance: {fileID: 0}
  m_PrefabAsset: {fileID: 0}
  m_GameObject: {fileID: 8982352379611296248}
  m_Enabled: 1
  m_CastShadows: 1
  m_ReceiveShadows: 1
  m_DynamicOccludee: 1
  m_MotionVectors: 1
  m_LightProbeUsage: 1
  m_ReflectionProbeUsage: 1
  m_RayTracingMode: 3
  m_RayTraceProcedural: 0
  m_RenderingLayerMask: 1
  m_RendererPriority: 0
  m_Materials:
  - {fileID: 2100000, guid: 6087dcd849e2e8443800bcdd90460713, type: 2}
  - {fileID: 2100000, guid: 5ff6f6f995eb9c749a26db818acb8608, type: 2}
  - {fileID: 2100000, guid: 0560e549249697d41956a05f8f5a9d7e, type: 2}
  - {fileID: 2100000, guid: f29bbc05dc57d604885f34993eb89ef4, type: 2}
  - {fileID: 2100000, guid: 24fd3b81d8d7e6240879bdd76b140c48, type: 2}
  - {fileID: 2100000, guid: da72d4397ab9eed43b26c480ab90e62a, type: 2}
  - {fileID: 2100000, guid: da72d4397ab9eed43b26c480ab90e62a, type: 2}
  - {fileID: 2100000, guid: 5027c2cdc32821d4a83b25181eaff624, type: 2}
  - {fileID: 2100000, guid: 4dee0cac75af89547a52807afcf052d1, type: 2}
  - {fileID: 2100000, guid: 1e2fbd47eccea494e9871706eb055abf, type: 2}
  - {fileID: 2100000, guid: 5225504d74d4fc34f97f9e00357f6fb5, type: 2}
  - {fileID: 2100000, guid: 420a1cf6b19e58041a09a2801925f264, type: 2}
  - {fileID: 2100000, guid: 420a1cf6b19e58041a09a2801925f264, type: 2}
  m_StaticBatchInfo:
    firstSubMesh: 0
    subMeshCount: 0
  m_StaticBatchRoot: {fileID: 0}
  m_ProbeAnchor: {fileID: 0}
  m_LightProbeVolumeOverride: {fileID: 0}
  m_ScaleInLightmap: 1
  m_ReceiveGI: 1
  m_PreserveUVs: 0
  m_IgnoreNormalsForChartDetection: 0
  m_ImportantGI: 0
  m_StitchLightmapSeams: 1
  m_SelectedEditorRenderState: 3
  m_MinimumChartSize: 4
  m_AutoUVMaxDistance: 0.5
  m_AutoUVMaxAngle: 89
  m_LightmapParameters: {fileID: 0}
  m_SortingLayerID: 0
  m_SortingLayer: 0
  m_SortingOrder: 0
  serializedVersion: 2
  m_Quality: 0
  m_UpdateWhenOffscreen: 0
  m_SkinnedMotionVectors: 1
  m_Mesh: {fileID: 2959467708922500008, guid: f0edb8e5f6f11b548bebd8d2f7b771c9, type: 3}
  m_Bones:
  - {fileID: 8982352381392659304}
  - {fileID: 8982352380680357849}
  - {fileID: 8982352379924073696}
  - {fileID: 8982352381413416531}
  - {fileID: 8982352380884374402}
  - {fileID: 8982352380077331141}
  - {fileID: 8982352380920754243}
  - {fileID: 8982352380401837927}
  - {fileID: 8982352380666076251}
  - {fileID: 8982352380836907755}
  - {fileID: 8982352381161929837}
  - {fileID: 8982352379946654284}
  - {fileID: 8982352380176758757}
  - {fileID: 8982352379493774191}
  - {fileID: 8982352379843042803}
  - {fileID: 8982352381104226580}
  - {fileID: 8982352379973850343}
  - {fileID: 8982352379343539134}
  - {fileID: 8982352380802768438}
  - {fileID: 8982352380840230753}
  - {fileID: 8982352379462303146}
  - {fileID: 8982352380431266217}
  - {fileID: 8982352380767669015}
  - {fileID: 8982352379598274357}
  - {fileID: 8982352381087257270}
  - {fileID: 8982352380793137743}
  - {fileID: 8982352381280144462}
  - {fileID: 8982352379951609966}
  - {fileID: 8982352381235245448}
  - {fileID: 8982352379334307995}
  - {fileID: 8982352381424197080}
  - {fileID: 8982352381101050223}
  - {fileID: 8982352381110407521}
  - {fileID: 8982352380400692683}
  - {fileID: 8982352379673900239}
  - {fileID: 8982352379630231079}
  - {fileID: 8982352380072718678}
  - {fileID: 8982352380091567290}
  - {fileID: 8982352381005929083}
  - {fileID: 8982352380398808800}
  - {fileID: 8982352379918129655}
  - {fileID: 8982352379751646239}
  - {fileID: 8982352380997776442}
  - {fileID: 8982352381143354354}
  - {fileID: 8982352381152420698}
  - {fileID: 8982352381077081111}
  - {fileID: 8982352380300485860}
  - {fileID: 8982352379351318216}
  - {fileID: 8982352380286489549}
  - {fileID: 8982352379430723269}
  - {fileID: 8982352379947767791}
  - {fileID: 8982352380667450823}
  - {fileID: 8982352379473244470}
  - {fileID: 8982352379516012862}
  - {fileID: 8982352379386518242}
  - {fileID: 8982352380341000649}
  - {fileID: 8982352380494368950}
  - {fileID: 8982352380409825555}
  - {fileID: 8982352381264858925}
  - {fileID: 8982352379853186387}
  - {fileID: 8982352380030243554}
  m_BlendShapeWeights: []
  m_RootBone: {fileID: 8982352381392659304}
  m_AABB:
    m_Center: {x: 0, y: -0.00027613202, z: 0.0006176451}
    m_Extent: {x: 0.007958688, y: 0.010175962, z: 0.0039359746}
  m_DirtyAABB: 0
--- !u!1 &8982352379630231096
GameObject:
  m_ObjectHideFlags: 0
  m_CorrespondingSourceObject: {fileID: 0}
  m_PrefabInstance: {fileID: 0}
  m_PrefabAsset: {fileID: 0}
  serializedVersion: 6
  m_Component:
  - component: {fileID: 8982352379630231079}
  m_Layer: 0
  m_Name: f_index.01.R
  m_TagString: Untagged
  m_Icon: {fileID: 0}
  m_NavMeshLayer: 0
  m_StaticEditorFlags: 0
  m_IsActive: 1
--- !u!4 &8982352379630231079
Transform:
  m_ObjectHideFlags: 0
  m_CorrespondingSourceObject: {fileID: 0}
  m_PrefabInstance: {fileID: 0}
  m_PrefabAsset: {fileID: 0}
  m_GameObject: {fileID: 8982352379630231096}
  m_LocalRotation: {x: -0.15458421, y: -0.425016, z: 0.08670254, w: 0.88766426}
  m_LocalPosition: {x: -5.9604643e-10, y: 0.0007371546, z: -2.9802322e-10}
  m_LocalScale: {x: 0.99999994, y: 0.99999994, z: 1}
  m_Children:
  - {fileID: 8982352380072718678}
  m_Father: {fileID: 8982352379673900239}
  m_RootOrder: 0
  m_LocalEulerAnglesHint: {x: 0, y: 0, z: 0}
--- !u!1 &8982352379673900224
GameObject:
  m_ObjectHideFlags: 0
  m_CorrespondingSourceObject: {fileID: 0}
  m_PrefabInstance: {fileID: 0}
  m_PrefabAsset: {fileID: 0}
  serializedVersion: 6
  m_Component:
  - component: {fileID: 8982352379673900239}
  m_Layer: 0
  m_Name: palm.01.R
  m_TagString: Untagged
  m_Icon: {fileID: 0}
  m_NavMeshLayer: 0
  m_StaticEditorFlags: 0
  m_IsActive: 1
--- !u!4 &8982352379673900239
Transform:
  m_ObjectHideFlags: 0
  m_CorrespondingSourceObject: {fileID: 0}
  m_PrefabInstance: {fileID: 0}
  m_PrefabAsset: {fileID: 0}
  m_GameObject: {fileID: 8982352379673900224}
  m_LocalRotation: {x: 0.12711583, y: -0.023869667, z: -0.14352377, w: 0.98115885}
  m_LocalPosition: {x: 0.0001362115, y: 0.00045138985, z: -0.00015949413}
  m_LocalScale: {x: 0.99999994, y: 0.9999999, z: 1}
  m_Children:
  - {fileID: 8982352379630231079}
  m_Father: {fileID: 8982352380400692683}
  m_RootOrder: 0
  m_LocalEulerAnglesHint: {x: 0, y: 0, z: 0}
--- !u!1 &8982352379715373694
GameObject:
  m_ObjectHideFlags: 0
  m_CorrespondingSourceObject: {fileID: 0}
  m_PrefabInstance: {fileID: 0}
  m_PrefabAsset: {fileID: 0}
  serializedVersion: 6
  m_Component:
  - component: {fileID: 8982352379715373693}
  m_Layer: 0
  m_Name: f_index.03.L_end
  m_TagString: Untagged
  m_Icon: {fileID: 0}
  m_NavMeshLayer: 0
  m_StaticEditorFlags: 0
  m_IsActive: 1
--- !u!4 &8982352379715373693
Transform:
  m_ObjectHideFlags: 0
  m_CorrespondingSourceObject: {fileID: 0}
  m_PrefabInstance: {fileID: 0}
  m_PrefabAsset: {fileID: 0}
  m_GameObject: {fileID: 8982352379715373694}
  m_LocalRotation: {x: 0, y: -0, z: -0, w: 1}
  m_LocalPosition: {x: -0, y: 0.00018976822, z: 0}
  m_LocalScale: {x: 1, y: 1, z: 1}
  m_Children: []
  m_Father: {fileID: 8982352379843042803}
  m_RootOrder: 0
  m_LocalEulerAnglesHint: {x: 0, y: 0, z: 0}
--- !u!1 &8982352379751646224
GameObject:
  m_ObjectHideFlags: 0
  m_CorrespondingSourceObject: {fileID: 0}
  m_PrefabInstance: {fileID: 0}
  m_PrefabAsset: {fileID: 0}
  serializedVersion: 6
  m_Component:
  - component: {fileID: 8982352379751646239}
  m_Layer: 0
  m_Name: palm.02.R
  m_TagString: Untagged
  m_Icon: {fileID: 0}
  m_NavMeshLayer: 0
  m_StaticEditorFlags: 0
  m_IsActive: 1
--- !u!4 &8982352379751646239
Transform:
  m_ObjectHideFlags: 0
  m_CorrespondingSourceObject: {fileID: 0}
  m_PrefabInstance: {fileID: 0}
  m_PrefabAsset: {fileID: 0}
  m_GameObject: {fileID: 8982352379751646224}
  m_LocalRotation: {x: 0.16679996, y: -0.09407166, z: -0.08042862, w: 0.978192}
  m_LocalPosition: {x: 0.00007047153, y: 0.00041010499, z: -0.000010338202}
  m_LocalScale: {x: 1, y: 0.99999994, z: 1}
  m_Children:
  - {fileID: 8982352380997776442}
  m_Father: {fileID: 8982352380400692683}
  m_RootOrder: 1
  m_LocalEulerAnglesHint: {x: 0, y: 0, z: 0}
--- !u!1 &8982352379843042804
GameObject:
  m_ObjectHideFlags: 0
  m_CorrespondingSourceObject: {fileID: 0}
  m_PrefabInstance: {fileID: 0}
  m_PrefabAsset: {fileID: 0}
  serializedVersion: 6
  m_Component:
  - component: {fileID: 8982352379843042803}
  m_Layer: 0
  m_Name: f_index.03.L
  m_TagString: Untagged
  m_Icon: {fileID: 0}
  m_NavMeshLayer: 0
  m_StaticEditorFlags: 0
  m_IsActive: 1
--- !u!4 &8982352379843042803
Transform:
  m_ObjectHideFlags: 0
  m_CorrespondingSourceObject: {fileID: 0}
  m_PrefabInstance: {fileID: 0}
  m_PrefabAsset: {fileID: 0}
  m_GameObject: {fileID: 8982352379843042804}
  m_LocalRotation: {x: 0.0419094, y: -0.036016975, z: 0.015654549, w: 0.9983493}
  m_LocalPosition: {x: -4.5867635e-10, y: 0.00019692078, z: 4.4703483e-10}
  m_LocalScale: {x: 1, y: 1, z: 0.99999994}
  m_Children:
  - {fileID: 8982352379715373693}
  m_Father: {fileID: 8982352379493774191}
  m_RootOrder: 0
  m_LocalEulerAnglesHint: {x: 0, y: 0, z: 0}
--- !u!1 &8982352379844478235
GameObject:
  m_ObjectHideFlags: 0
  m_CorrespondingSourceObject: {fileID: 0}
  m_PrefabInstance: {fileID: 0}
  m_PrefabAsset: {fileID: 0}
  serializedVersion: 6
  m_Component:
  - component: {fileID: 8982352379844478234}
  m_Layer: 0
  m_Name: toe.R_end
  m_TagString: Untagged
  m_Icon: {fileID: 0}
  m_NavMeshLayer: 0
  m_StaticEditorFlags: 0
  m_IsActive: 1
--- !u!4 &8982352379844478234
Transform:
  m_ObjectHideFlags: 0
  m_CorrespondingSourceObject: {fileID: 0}
  m_PrefabInstance: {fileID: 0}
  m_PrefabAsset: {fileID: 0}
  m_GameObject: {fileID: 8982352379844478235}
  m_LocalRotation: {x: 0, y: -0, z: -0, w: 1}
  m_LocalPosition: {x: -0, y: 0.000679799, z: 0}
  m_LocalScale: {x: 1, y: 1, z: 1}
  m_Children: []
  m_Father: {fileID: 8982352380030243554}
  m_RootOrder: 0
  m_LocalEulerAnglesHint: {x: 0, y: 0, z: 0}
--- !u!1 &8982352379853186388
GameObject:
  m_ObjectHideFlags: 0
  m_CorrespondingSourceObject: {fileID: 0}
  m_PrefabInstance: {fileID: 0}
  m_PrefabAsset: {fileID: 0}
  serializedVersion: 6
  m_Component:
  - component: {fileID: 8982352379853186387}
  m_Layer: 0
  m_Name: foot.R
  m_TagString: Untagged
  m_Icon: {fileID: 0}
  m_NavMeshLayer: 0
  m_StaticEditorFlags: 0
  m_IsActive: 1
--- !u!4 &8982352379853186387
Transform:
  m_ObjectHideFlags: 0
  m_CorrespondingSourceObject: {fileID: 0}
  m_PrefabInstance: {fileID: 0}
  m_PrefabAsset: {fileID: 0}
  m_GameObject: {fileID: 8982352379853186388}
  m_LocalRotation: {x: -0.39804223, y: -0.030709, z: -0.021588635, w: 0.9165988}
  m_LocalPosition: {x: -1.0477379e-10, y: 0.004241571, z: -3.7252902e-11}
  m_LocalScale: {x: 0.99999994, y: 0.99999994, z: 0.9999999}
  m_Children:
  - {fileID: 8982352380030243554}
  m_Father: {fileID: 8982352381264858925}
  m_RootOrder: 0
  m_LocalEulerAnglesHint: {x: 0, y: 0, z: 0}
--- !u!1 &8982352379918129608
GameObject:
  m_ObjectHideFlags: 0
  m_CorrespondingSourceObject: {fileID: 0}
  m_PrefabInstance: {fileID: 0}
  m_PrefabAsset: {fileID: 0}
  serializedVersion: 6
  m_Component:
  - component: {fileID: 8982352379918129655}
  m_Layer: 0
  m_Name: thumb.03.R
  m_TagString: Untagged
  m_Icon: {fileID: 0}
  m_NavMeshLayer: 0
  m_StaticEditorFlags: 0
  m_IsActive: 1
--- !u!4 &8982352379918129655
Transform:
  m_ObjectHideFlags: 0
  m_CorrespondingSourceObject: {fileID: 0}
  m_PrefabInstance: {fileID: 0}
  m_PrefabAsset: {fileID: 0}
  m_GameObject: {fileID: 8982352379918129608}
  m_LocalRotation: {x: 0.047772035, y: -0.13295719, z: 0.022163028, w: 0.9897217}
  m_LocalPosition: {x: 2.2351741e-10, y: 0.00019875448, z: -1.4901161e-10}
  m_LocalScale: {x: 0.9999999, y: 0.9999997, z: 0.9999998}
  m_Children:
  - {fileID: 8982352381094784744}
  m_Father: {fileID: 8982352380398808800}
  m_RootOrder: 0
  m_LocalEulerAnglesHint: {x: 0, y: 0, z: 0}
--- !u!1 &8982352379924073697
GameObject:
  m_ObjectHideFlags: 0
  m_CorrespondingSourceObject: {fileID: 0}
  m_PrefabInstance: {fileID: 0}
  m_PrefabAsset: {fileID: 0}
  serializedVersion: 6
  m_Component:
  - component: {fileID: 8982352379924073696}
  m_Layer: 0
  m_Name: spine.002
  m_TagString: Untagged
  m_Icon: {fileID: 0}
  m_NavMeshLayer: 0
  m_StaticEditorFlags: 0
  m_IsActive: 1
--- !u!4 &8982352379924073696
Transform:
  m_ObjectHideFlags: 0
  m_CorrespondingSourceObject: {fileID: 0}
  m_PrefabInstance: {fileID: 0}
  m_PrefabAsset: {fileID: 0}
  m_GameObject: {fileID: 8982352379924073697}
  m_LocalRotation: {x: -0.077464156, y: 0, z: -0, w: 0.99699515}
  m_LocalPosition: {x: -0, y: 0.0013663667, z: 0}
  m_LocalScale: {x: 1, y: 0.99999994, z: 0.99999994}
  m_Children:
  - {fileID: 8982352381413416531}
  m_Father: {fileID: 8982352380680357849}
  m_RootOrder: 0
  m_LocalEulerAnglesHint: {x: 0, y: 0, z: 0}
--- !u!1 &8982352379946654285
GameObject:
  m_ObjectHideFlags: 0
  m_CorrespondingSourceObject: {fileID: 0}
  m_PrefabInstance: {fileID: 0}
  m_PrefabAsset: {fileID: 0}
  serializedVersion: 6
  m_Component:
  - component: {fileID: 8982352379946654284}
  m_Layer: 0
  m_Name: palm.01.L
  m_TagString: Untagged
  m_Icon: {fileID: 0}
  m_NavMeshLayer: 0
  m_StaticEditorFlags: 0
  m_IsActive: 1
--- !u!4 &8982352379946654284
Transform:
  m_ObjectHideFlags: 0
  m_CorrespondingSourceObject: {fileID: 0}
  m_PrefabInstance: {fileID: 0}
  m_PrefabAsset: {fileID: 0}
  m_GameObject: {fileID: 8982352379946654285}
  m_LocalRotation: {x: 0.1271158, y: 0.02386962, z: 0.14352372, w: 0.9811589}
  m_LocalPosition: {x: -0.00013621262, y: 0.00045139043, z: -0.00015949472}
  m_LocalScale: {x: 1, y: 0.9999999, z: 1}
  m_Children:
  - {fileID: 8982352380176758757}
  m_Father: {fileID: 8982352381161929837}
  m_RootOrder: 0
  m_LocalEulerAnglesHint: {x: 0, y: 0, z: 0}
--- !u!1 &8982352379947767776
GameObject:
  m_ObjectHideFlags: 0
  m_CorrespondingSourceObject: {fileID: 0}
  m_PrefabInstance: {fileID: 0}
  m_PrefabAsset: {fileID: 0}
  serializedVersion: 6
  m_Component:
  - component: {fileID: 8982352379947767791}
  m_Layer: 0
  m_Name: f_pinky.01.R
  m_TagString: Untagged
  m_Icon: {fileID: 0}
  m_NavMeshLayer: 0
  m_StaticEditorFlags: 0
  m_IsActive: 1
--- !u!4 &8982352379947767791
Transform:
  m_ObjectHideFlags: 0
  m_CorrespondingSourceObject: {fileID: 0}
  m_PrefabInstance: {fileID: 0}
  m_PrefabAsset: {fileID: 0}
  m_GameObject: {fileID: 8982352379947767776}
  m_LocalRotation: {x: -0.050460078, y: -0.18629932, z: 0.11840642, w: 0.97402585}
  m_LocalPosition: {x: 0.0000000011920929, y: 0.0006559925, z: 4.4703483e-10}
  m_LocalScale: {x: 1, y: 1.0000001, z: 1.0000001}
  m_Children:
  - {fileID: 8982352380667450823}
  m_Father: {fileID: 8982352379430723269}
  m_RootOrder: 0
  m_LocalEulerAnglesHint: {x: 0, y: 0, z: 0}
--- !u!1 &8982352379948611777
GameObject:
  m_ObjectHideFlags: 0
  m_CorrespondingSourceObject: {fileID: 0}
  m_PrefabInstance: {fileID: 0}
  m_PrefabAsset: {fileID: 0}
  serializedVersion: 6
  m_Component:
  - component: {fileID: 8982352379948611776}
  - component: {fileID: 8982352379948611791}
  m_Layer: 0
  m_Name: HAt
  m_TagString: Untagged
  m_Icon: {fileID: 0}
  m_NavMeshLayer: 0
  m_StaticEditorFlags: 0
  m_IsActive: 1
--- !u!4 &8982352379948611776
Transform:
  m_ObjectHideFlags: 0
  m_CorrespondingSourceObject: {fileID: 0}
  m_PrefabInstance: {fileID: 0}
  m_PrefabAsset: {fileID: 0}
  m_GameObject: {fileID: 8982352379948611777}
  m_LocalRotation: {x: -0.75633466, y: 0, z: -0, w: 0.65418494}
  m_LocalPosition: {x: 0.005305384, y: 14.71583, z: 0.4517532}
  m_LocalScale: {x: 71.89275, y: 91.56407, z: 100}
  m_Children: []
  m_Father: {fileID: 8982352380102398919}
  m_RootOrder: 2
  m_LocalEulerAnglesHint: {x: 0, y: 0, z: 0}
--- !u!137 &8982352379948611791
SkinnedMeshRenderer:
  m_ObjectHideFlags: 0
  m_CorrespondingSourceObject: {fileID: 0}
  m_PrefabInstance: {fileID: 0}
  m_PrefabAsset: {fileID: 0}
  m_GameObject: {fileID: 8982352379948611777}
  m_Enabled: 1
  m_CastShadows: 1
  m_ReceiveShadows: 1
  m_DynamicOccludee: 1
  m_MotionVectors: 1
  m_LightProbeUsage: 1
  m_ReflectionProbeUsage: 1
  m_RayTracingMode: 3
  m_RayTraceProcedural: 0
  m_RenderingLayerMask: 1
  m_RendererPriority: 0
  m_Materials:
  - {fileID: 2100000, guid: 687945b10201ecf4baf18167a1f2f3fe, type: 2}
  m_StaticBatchInfo:
    firstSubMesh: 0
    subMeshCount: 0
  m_StaticBatchRoot: {fileID: 0}
  m_ProbeAnchor: {fileID: 0}
  m_LightProbeVolumeOverride: {fileID: 0}
  m_ScaleInLightmap: 1
  m_ReceiveGI: 1
  m_PreserveUVs: 0
  m_IgnoreNormalsForChartDetection: 0
  m_ImportantGI: 0
  m_StitchLightmapSeams: 1
  m_SelectedEditorRenderState: 3
  m_MinimumChartSize: 4
  m_AutoUVMaxDistance: 0.5
  m_AutoUVMaxAngle: 89
  m_LightmapParameters: {fileID: 0}
  m_SortingLayerID: 0
  m_SortingLayer: 0
  m_SortingOrder: 0
  serializedVersion: 2
  m_Quality: 0
  m_UpdateWhenOffscreen: 0
  m_SkinnedMotionVectors: 1
  m_Mesh: {fileID: -4290025370861409285, guid: f0edb8e5f6f11b548bebd8d2f7b771c9, type: 3}
  m_Bones:
  - {fileID: 8982352381392659304}
  - {fileID: 8982352380680357849}
  - {fileID: 8982352379924073696}
  - {fileID: 8982352381413416531}
  - {fileID: 8982352380884374402}
  - {fileID: 8982352380077331141}
  - {fileID: 8982352380920754243}
  - {fileID: 8982352380401837927}
  - {fileID: 8982352380666076251}
  - {fileID: 8982352380836907755}
  - {fileID: 8982352381161929837}
  - {fileID: 8982352379946654284}
  - {fileID: 8982352380176758757}
  - {fileID: 8982352379493774191}
  - {fileID: 8982352379843042803}
  - {fileID: 8982352381104226580}
  - {fileID: 8982352379973850343}
  - {fileID: 8982352379343539134}
  - {fileID: 8982352380802768438}
  - {fileID: 8982352380840230753}
  - {fileID: 8982352379462303146}
  - {fileID: 8982352380431266217}
  - {fileID: 8982352380767669015}
  - {fileID: 8982352379598274357}
  - {fileID: 8982352381087257270}
  - {fileID: 8982352380793137743}
  - {fileID: 8982352381280144462}
  - {fileID: 8982352379951609966}
  - {fileID: 8982352381235245448}
  - {fileID: 8982352379334307995}
  - {fileID: 8982352381424197080}
  - {fileID: 8982352381101050223}
  - {fileID: 8982352381110407521}
  - {fileID: 8982352380400692683}
  - {fileID: 8982352379673900239}
  - {fileID: 8982352379630231079}
  - {fileID: 8982352380072718678}
  - {fileID: 8982352380091567290}
  - {fileID: 8982352381005929083}
  - {fileID: 8982352380398808800}
  - {fileID: 8982352379918129655}
  - {fileID: 8982352379751646239}
  - {fileID: 8982352380997776442}
  - {fileID: 8982352381143354354}
  - {fileID: 8982352381152420698}
  - {fileID: 8982352381077081111}
  - {fileID: 8982352380300485860}
  - {fileID: 8982352379351318216}
  - {fileID: 8982352380286489549}
  - {fileID: 8982352379430723269}
  - {fileID: 8982352379947767791}
  - {fileID: 8982352380667450823}
  - {fileID: 8982352379473244470}
  - {fileID: 8982352379516012862}
  - {fileID: 8982352379386518242}
  - {fileID: 8982352380341000649}
  - {fileID: 8982352380494368950}
  - {fileID: 8982352380409825555}
  - {fileID: 8982352381264858925}
  - {fileID: 8982352379853186387}
  - {fileID: 8982352380030243554}
  m_BlendShapeWeights: []
  m_RootBone: {fileID: 8982352381392659304}
  m_AABB:
    m_Center: {x: 0.0000068584923, y: 0.008726921, z: -0.0019697228}
    m_Extent: {x: 0.0018361998, y: 0.0019228142, z: 0.002232727}
  m_DirtyAABB: 0
--- !u!1 &8982352379951609967
GameObject:
  m_ObjectHideFlags: 0
  m_CorrespondingSourceObject: {fileID: 0}
  m_PrefabInstance: {fileID: 0}
  m_PrefabAsset: {fileID: 0}
  serializedVersion: 6
  m_Component:
  - component: {fileID: 8982352379951609966}
  m_Layer: 0
  m_Name: f_pinky.01.L
  m_TagString: Untagged
  m_Icon: {fileID: 0}
  m_NavMeshLayer: 0
  m_StaticEditorFlags: 0
  m_IsActive: 1
--- !u!4 &8982352379951609966
Transform:
  m_ObjectHideFlags: 0
  m_CorrespondingSourceObject: {fileID: 0}
  m_PrefabInstance: {fileID: 0}
  m_PrefabAsset: {fileID: 0}
  m_GameObject: {fileID: 8982352379951609967}
  m_LocalRotation: {x: -0.050460145, y: 0.18629925, z: -0.11840638, w: 0.97402585}
  m_LocalPosition: {x: 4.4703483e-10, y: 0.0006559929, z: 0}
  m_LocalScale: {x: 0.9999999, y: 0.99999994, z: 0.9999999}
  m_Children:
  - {fileID: 8982352381235245448}
  m_Father: {fileID: 8982352381280144462}
  m_RootOrder: 0
  m_LocalEulerAnglesHint: {x: 0, y: 0, z: 0}
--- !u!1 &8982352379973850360
GameObject:
  m_ObjectHideFlags: 0
  m_CorrespondingSourceObject: {fileID: 0}
  m_PrefabInstance: {fileID: 0}
  m_PrefabAsset: {fileID: 0}
  serializedVersion: 6
  m_Component:
  - component: {fileID: 8982352379973850343}
  m_Layer: 0
  m_Name: thumb.02.L
  m_TagString: Untagged
  m_Icon: {fileID: 0}
  m_NavMeshLayer: 0
  m_StaticEditorFlags: 0
  m_IsActive: 1
--- !u!4 &8982352379973850343
Transform:
  m_ObjectHideFlags: 0
  m_CorrespondingSourceObject: {fileID: 0}
  m_PrefabInstance: {fileID: 0}
  m_PrefabAsset: {fileID: 0}
  m_GameObject: {fileID: 8982352379973850360}
  m_LocalRotation: {x: -0.07769741, y: -0.50447214, z: 0.12526056, w: 0.85075307}
  m_LocalPosition: {x: 2.9802322e-10, y: 0.00041174827, z: 2.9802322e-10}
  m_LocalScale: {x: 0.9999998, y: 0.9999998, z: 0.99999994}
  m_Children:
  - {fileID: 8982352379343539134}
  m_Father: {fileID: 8982352381104226580}
  m_RootOrder: 0
  m_LocalEulerAnglesHint: {x: 0, y: 0, z: 0}
--- !u!1 &8982352380030243555
GameObject:
  m_ObjectHideFlags: 0
  m_CorrespondingSourceObject: {fileID: 0}
  m_PrefabInstance: {fileID: 0}
  m_PrefabAsset: {fileID: 0}
  serializedVersion: 6
  m_Component:
  - component: {fileID: 8982352380030243554}
  m_Layer: 0
  m_Name: toe.R
  m_TagString: Untagged
  m_Icon: {fileID: 0}
  m_NavMeshLayer: 0
  m_StaticEditorFlags: 0
  m_IsActive: 1
--- !u!4 &8982352380030243554
Transform:
  m_ObjectHideFlags: 0
  m_CorrespondingSourceObject: {fileID: 0}
  m_PrefabInstance: {fileID: 0}
  m_PrefabAsset: {fileID: 0}
  m_GameObject: {fileID: 8982352380030243555}
  m_LocalRotation: {x: -0.31951043, y: 0.000000027230307, z: -0.000000027684917, w: 0.9475828}
  m_LocalPosition: {x: -2.4842958e-11, y: 0.0010779965, z: 1.6298145e-11}
  m_LocalScale: {x: 1, y: 1, z: 1}
  m_Children:
  - {fileID: 8982352379844478234}
  m_Father: {fileID: 8982352379853186387}
  m_RootOrder: 0
  m_LocalEulerAnglesHint: {x: 0, y: 0, z: 0}
--- !u!1 &8982352380069813129
GameObject:
  m_ObjectHideFlags: 0
  m_CorrespondingSourceObject: {fileID: 0}
  m_PrefabInstance: {fileID: 0}
  m_PrefabAsset: {fileID: 0}
  serializedVersion: 6
  m_Component:
  - component: {fileID: 8982352380069813128}
  m_Layer: 0
  m_Name: metarig.006
  m_TagString: Untagged
  m_Icon: {fileID: 0}
  m_NavMeshLayer: 0
  m_StaticEditorFlags: 0
  m_IsActive: 1
--- !u!4 &8982352380069813128
Transform:
  m_ObjectHideFlags: 0
  m_CorrespondingSourceObject: {fileID: 0}
  m_PrefabInstance: {fileID: 0}
  m_PrefabAsset: {fileID: 0}
  m_GameObject: {fileID: 8982352380069813129}
  m_LocalRotation: {x: -0.7071068, y: 0, z: -0, w: 0.7071067}
  m_LocalPosition: {x: -0, y: 0, z: 0}
  m_LocalScale: {x: 773.55426, y: 773.55426, z: 773.55426}
  m_Children:
  - {fileID: 8982352381392659304}
  m_Father: {fileID: 8982352380102398919}
  m_RootOrder: 3
  m_LocalEulerAnglesHint: {x: 0, y: 0, z: 0}
--- !u!1 &8982352380072718679
GameObject:
  m_ObjectHideFlags: 0
  m_CorrespondingSourceObject: {fileID: 0}
  m_PrefabInstance: {fileID: 0}
  m_PrefabAsset: {fileID: 0}
  serializedVersion: 6
  m_Component:
  - component: {fileID: 8982352380072718678}
  m_Layer: 0
  m_Name: f_index.02.R
  m_TagString: Untagged
  m_Icon: {fileID: 0}
  m_NavMeshLayer: 0
  m_StaticEditorFlags: 0
  m_IsActive: 1
--- !u!4 &8982352380072718678
Transform:
  m_ObjectHideFlags: 0
  m_CorrespondingSourceObject: {fileID: 0}
  m_PrefabInstance: {fileID: 0}
  m_PrefabAsset: {fileID: 0}
  m_GameObject: {fileID: 8982352380072718679}
  m_LocalRotation: {x: 0.124928355, y: -0.18419653, z: 0.0754282, w: 0.9719955}
  m_LocalPosition: {x: -0.0000000012665987, y: 0.00027702714, z: -2.9802322e-10}
  m_LocalScale: {x: 1, y: 1, z: 1}
  m_Children:
  - {fileID: 8982352380091567290}
  m_Father: {fileID: 8982352379630231079}
  m_RootOrder: 0
  m_LocalEulerAnglesHint: {x: 0, y: 0, z: 0}
--- !u!1 &8982352380077331142
GameObject:
  m_ObjectHideFlags: 0
  m_CorrespondingSourceObject: {fileID: 0}
  m_PrefabInstance: {fileID: 0}
  m_PrefabAsset: {fileID: 0}
  serializedVersion: 6
  m_Component:
  - component: {fileID: 8982352380077331141}
  m_Layer: 0
  m_Name: spine.005
  m_TagString: Untagged
  m_Icon: {fileID: 0}
  m_NavMeshLayer: 0
  m_StaticEditorFlags: 0
  m_IsActive: 1
--- !u!4 &8982352380077331141
Transform:
  m_ObjectHideFlags: 0
  m_CorrespondingSourceObject: {fileID: 0}
  m_PrefabInstance: {fileID: 0}
  m_PrefabAsset: {fileID: 0}
  m_GameObject: {fileID: 8982352380077331142}
  m_LocalRotation: {x: 0.12341416, y: 2.370067e-20, z: -2.5894056e-18, w: 0.9923552}
  m_LocalPosition: {x: -9.82277e-27, y: 0.0005677056, z: -1.4901161e-10}
  m_LocalScale: {x: 1, y: 0.99999994, z: 0.99999994}
  m_Children:
  - {fileID: 8982352380920754243}
  m_Father: {fileID: 8982352380884374402}
  m_RootOrder: 0
  m_LocalEulerAnglesHint: {x: 0, y: 0, z: 0}
--- !u!1 &8982352380091567291
GameObject:
  m_ObjectHideFlags: 0
  m_CorrespondingSourceObject: {fileID: 0}
  m_PrefabInstance: {fileID: 0}
  m_PrefabAsset: {fileID: 0}
  serializedVersion: 6
  m_Component:
  - component: {fileID: 8982352380091567290}
  m_Layer: 0
  m_Name: f_index.03.R
  m_TagString: Untagged
  m_Icon: {fileID: 0}
  m_NavMeshLayer: 0
  m_StaticEditorFlags: 0
  m_IsActive: 1
--- !u!4 &8982352380091567290
Transform:
  m_ObjectHideFlags: 0
  m_CorrespondingSourceObject: {fileID: 0}
  m_PrefabInstance: {fileID: 0}
  m_PrefabAsset: {fileID: 0}
  m_GameObject: {fileID: 8982352380091567291}
  m_LocalRotation: {x: 0.041909397, y: 0.03601691, z: -0.015654545, w: 0.9983493}
  m_LocalPosition: {x: 3.282912e-10, y: 0.00019692212, z: 4.4703483e-10}
  m_LocalScale: {x: 1, y: 1, z: 1}
  m_Children:
  - {fileID: 8982352380188206710}
  m_Father: {fileID: 8982352380072718678}
  m_RootOrder: 0
  m_LocalEulerAnglesHint: {x: 0, y: 0, z: 0}
--- !u!1 &8982352380102398937
GameObject:
  m_ObjectHideFlags: 0
  m_CorrespondingSourceObject: {fileID: 0}
  m_PrefabInstance: {fileID: 0}
  m_PrefabAsset: {fileID: 0}
  serializedVersion: 6
  m_Component:
  - component: {fileID: 8982352380102398919}
  m_Layer: 0
  m_Name: Cowgirl_Model
  m_TagString: person
  m_Icon: {fileID: 0}
  m_NavMeshLayer: 0
  m_StaticEditorFlags: 0
  m_IsActive: 1
--- !u!4 &8982352380102398919
Transform:
  m_ObjectHideFlags: 0
  m_CorrespondingSourceObject: {fileID: 0}
  m_PrefabInstance: {fileID: 0}
  m_PrefabAsset: {fileID: 0}
  m_GameObject: {fileID: 8982352380102398937}
  m_LocalRotation: {x: 0, y: 0, z: 0, w: 1}
  m_LocalPosition: {x: 0, y: -1.47, z: 0}
  m_LocalScale: {x: 0.14, y: 0.14, z: 0.14}
  m_Children:
  - {fileID: 8982352379611296231}
  - {fileID: 8982352380322942935}
  - {fileID: 8982352379948611776}
  - {fileID: 8982352380069813128}
  m_Father: {fileID: 0}
  m_RootOrder: 0
  m_LocalEulerAnglesHint: {x: 0, y: 0, z: 0}
--- !u!1 &8982352380129738506
GameObject:
  m_ObjectHideFlags: 0
  m_CorrespondingSourceObject: {fileID: 0}
  m_PrefabInstance: {fileID: 0}
  m_PrefabAsset: {fileID: 0}
  serializedVersion: 6
  m_Component:
  - component: {fileID: 8982352380129738505}
  m_Layer: 0
  m_Name: f_ring.03.L_end
  m_TagString: Untagged
  m_Icon: {fileID: 0}
  m_NavMeshLayer: 0
  m_StaticEditorFlags: 0
  m_IsActive: 1
--- !u!4 &8982352380129738505
Transform:
  m_ObjectHideFlags: 0
  m_CorrespondingSourceObject: {fileID: 0}
  m_PrefabInstance: {fileID: 0}
  m_PrefabAsset: {fileID: 0}
  m_GameObject: {fileID: 8982352380129738506}
  m_LocalRotation: {x: 0, y: -0, z: -0, w: 1}
  m_LocalPosition: {x: -0, y: 0.00017680996, z: 0}
  m_LocalScale: {x: 1, y: 1, z: 1}
  m_Children: []
  m_Father: {fileID: 8982352380793137743}
  m_RootOrder: 0
  m_LocalEulerAnglesHint: {x: 0, y: 0, z: 0}
--- !u!1 &8982352380163790902
GameObject:
  m_ObjectHideFlags: 0
  m_CorrespondingSourceObject: {fileID: 0}
  m_PrefabInstance: {fileID: 0}
  m_PrefabAsset: {fileID: 0}
  serializedVersion: 6
  m_Component:
  - component: {fileID: 8982352380163790901}
  m_Layer: 0
  m_Name: f_middle.03.L_end
  m_TagString: Untagged
  m_Icon: {fileID: 0}
  m_NavMeshLayer: 0
  m_StaticEditorFlags: 0
  m_IsActive: 1
--- !u!4 &8982352380163790901
Transform:
  m_ObjectHideFlags: 0
  m_CorrespondingSourceObject: {fileID: 0}
  m_PrefabInstance: {fileID: 0}
  m_PrefabAsset: {fileID: 0}
  m_GameObject: {fileID: 8982352380163790902}
  m_LocalRotation: {x: 0, y: -0, z: -0, w: 1}
  m_LocalPosition: {x: -0, y: 0.00023415362, z: 0}
  m_LocalScale: {x: 1, y: 1, z: 1}
  m_Children: []
  m_Father: {fileID: 8982352380431266217}
  m_RootOrder: 0
  m_LocalEulerAnglesHint: {x: 0, y: 0, z: 0}
--- !u!1 &8982352380176758758
GameObject:
  m_ObjectHideFlags: 0
  m_CorrespondingSourceObject: {fileID: 0}
  m_PrefabInstance: {fileID: 0}
  m_PrefabAsset: {fileID: 0}
  serializedVersion: 6
  m_Component:
  - component: {fileID: 8982352380176758757}
  m_Layer: 0
  m_Name: f_index.01.L
  m_TagString: Untagged
  m_Icon: {fileID: 0}
  m_NavMeshLayer: 0
  m_StaticEditorFlags: 0
  m_IsActive: 1
--- !u!4 &8982352380176758757
Transform:
  m_ObjectHideFlags: 0
  m_CorrespondingSourceObject: {fileID: 0}
  m_PrefabInstance: {fileID: 0}
  m_PrefabAsset: {fileID: 0}
  m_GameObject: {fileID: 8982352380176758758}
  m_LocalRotation: {x: -0.1545842, y: 0.42501602, z: -0.08670248, w: 0.88766426}
  m_LocalPosition: {x: 6.705522e-10, y: 0.00073715404, z: 4.4703483e-10}
  m_LocalScale: {x: 0.99999994, y: 0.9999997, z: 0.9999999}
  m_Children:
  - {fileID: 8982352379493774191}
  m_Father: {fileID: 8982352379946654284}
  m_RootOrder: 0
  m_LocalEulerAnglesHint: {x: 0, y: 0, z: 0}
--- !u!1 &8982352380188206711
GameObject:
  m_ObjectHideFlags: 0
  m_CorrespondingSourceObject: {fileID: 0}
  m_PrefabInstance: {fileID: 0}
  m_PrefabAsset: {fileID: 0}
  serializedVersion: 6
  m_Component:
  - component: {fileID: 8982352380188206710}
  m_Layer: 0
  m_Name: f_index.03.R_end
  m_TagString: Untagged
  m_Icon: {fileID: 0}
  m_NavMeshLayer: 0
  m_StaticEditorFlags: 0
  m_IsActive: 1
--- !u!4 &8982352380188206710
Transform:
  m_ObjectHideFlags: 0
  m_CorrespondingSourceObject: {fileID: 0}
  m_PrefabInstance: {fileID: 0}
  m_PrefabAsset: {fileID: 0}
  m_GameObject: {fileID: 8982352380188206711}
  m_LocalRotation: {x: 0, y: -0, z: -0, w: 1}
  m_LocalPosition: {x: -0, y: 0.00018976822, z: 0}
  m_LocalScale: {x: 1, y: 1, z: 1}
  m_Children: []
  m_Father: {fileID: 8982352380091567290}
  m_RootOrder: 0
  m_LocalEulerAnglesHint: {x: 0, y: 0, z: 0}
--- !u!1 &8982352380256058371
GameObject:
  m_ObjectHideFlags: 0
  m_CorrespondingSourceObject: {fileID: 0}
  m_PrefabInstance: {fileID: 0}
  m_PrefabAsset: {fileID: 0}
  serializedVersion: 6
  m_Component:
  - component: {fileID: 8982352380256058370}
  m_Layer: 0
  m_Name: f_pinky.03.R_end
  m_TagString: Untagged
  m_Icon: {fileID: 0}
  m_NavMeshLayer: 0
  m_StaticEditorFlags: 0
  m_IsActive: 1
--- !u!4 &8982352380256058370
Transform:
  m_ObjectHideFlags: 0
  m_CorrespondingSourceObject: {fileID: 0}
  m_PrefabInstance: {fileID: 0}
  m_PrefabAsset: {fileID: 0}
  m_GameObject: {fileID: 8982352380256058371}
  m_LocalRotation: {x: 0, y: -0, z: -0, w: 1}
  m_LocalPosition: {x: -0, y: 0.00014546866, z: 0}
  m_LocalScale: {x: 1, y: 1, z: 1}
  m_Children: []
  m_Father: {fileID: 8982352379473244470}
  m_RootOrder: 0
  m_LocalEulerAnglesHint: {x: 0, y: 0, z: 0}
--- !u!1 &8982352380286489550
GameObject:
  m_ObjectHideFlags: 0
  m_CorrespondingSourceObject: {fileID: 0}
  m_PrefabInstance: {fileID: 0}
  m_PrefabAsset: {fileID: 0}
  serializedVersion: 6
  m_Component:
  - component: {fileID: 8982352380286489549}
  m_Layer: 0
  m_Name: f_ring.03.R
  m_TagString: Untagged
  m_Icon: {fileID: 0}
  m_NavMeshLayer: 0
  m_StaticEditorFlags: 0
  m_IsActive: 1
--- !u!4 &8982352380286489549
Transform:
  m_ObjectHideFlags: 0
  m_CorrespondingSourceObject: {fileID: 0}
  m_PrefabInstance: {fileID: 0}
  m_PrefabAsset: {fileID: 0}
  m_GameObject: {fileID: 8982352380286489550}
  m_LocalRotation: {x: 0.020755786, y: -0.022580473, z: 0.020626085, w: 0.9993167}
  m_LocalPosition: {x: -6.705522e-10, y: 0.00027437686, z: 4.842877e-10}
  m_LocalScale: {x: 1, y: 0.9999999, z: 1}
  m_Children:
  - {fileID: 8982352380959630246}
  m_Father: {fileID: 8982352379351318216}
  m_RootOrder: 0
  m_LocalEulerAnglesHint: {x: 0, y: 0, z: 0}
--- !u!1 &8982352380300485861
GameObject:
  m_ObjectHideFlags: 0
  m_CorrespondingSourceObject: {fileID: 0}
  m_PrefabInstance: {fileID: 0}
  m_PrefabAsset: {fileID: 0}
  serializedVersion: 6
  m_Component:
  - component: {fileID: 8982352380300485860}
  m_Layer: 0
  m_Name: f_ring.01.R
  m_TagString: Untagged
  m_Icon: {fileID: 0}
  m_NavMeshLayer: 0
  m_StaticEditorFlags: 0
  m_IsActive: 1
--- !u!4 &8982352380300485860
Transform:
  m_ObjectHideFlags: 0
  m_CorrespondingSourceObject: {fileID: 0}
  m_PrefabInstance: {fileID: 0}
  m_PrefabAsset: {fileID: 0}
  m_GameObject: {fileID: 8982352380300485861}
  m_LocalRotation: {x: -0.02248022, y: -0.12660876, z: 0.0734632, w: 0.98897326}
  m_LocalPosition: {x: 5.2154064e-10, y: 0.0007119079, z: 4.4703483e-10}
  m_LocalScale: {x: 1, y: 1, z: 1}
  m_Children:
  - {fileID: 8982352379351318216}
  m_Father: {fileID: 8982352381077081111}
  m_RootOrder: 0
  m_LocalEulerAnglesHint: {x: 0, y: 0, z: 0}
--- !u!1 &8982352380322942888
GameObject:
  m_ObjectHideFlags: 0
  m_CorrespondingSourceObject: {fileID: 0}
  m_PrefabInstance: {fileID: 0}
  m_PrefabAsset: {fileID: 0}
  serializedVersion: 6
  m_Component:
  - component: {fileID: 8982352380322942935}
  - component: {fileID: 8982352380322942934}
  m_Layer: 0
  m_Name: Body.002
  m_TagString: Untagged
  m_Icon: {fileID: 0}
  m_NavMeshLayer: 0
  m_StaticEditorFlags: 0
  m_IsActive: 1
--- !u!4 &8982352380322942935
Transform:
  m_ObjectHideFlags: 0
  m_CorrespondingSourceObject: {fileID: 0}
  m_PrefabInstance: {fileID: 0}
  m_PrefabAsset: {fileID: 0}
  m_GameObject: {fileID: 8982352380322942888}
  m_LocalRotation: {x: 0.00000008146034, y: 0, z: -0, w: 1}
  m_LocalPosition: {x: -0, y: 0, z: 0}
  m_LocalScale: {x: 10, y: 10, z: 10}
  m_Children: []
  m_Father: {fileID: 8982352380102398919}
  m_RootOrder: 1
  m_LocalEulerAnglesHint: {x: 0, y: 0, z: 0}
--- !u!137 &8982352380322942934
SkinnedMeshRenderer:
  m_ObjectHideFlags: 0
  m_CorrespondingSourceObject: {fileID: 0}
  m_PrefabInstance: {fileID: 0}
  m_PrefabAsset: {fileID: 0}
  m_GameObject: {fileID: 8982352380322942888}
  m_Enabled: 1
  m_CastShadows: 1
  m_ReceiveShadows: 1
  m_DynamicOccludee: 1
  m_MotionVectors: 1
  m_LightProbeUsage: 1
  m_ReflectionProbeUsage: 1
  m_RayTracingMode: 3
  m_RayTraceProcedural: 0
  m_RenderingLayerMask: 1
  m_RendererPriority: 0
  m_Materials:
  - {fileID: 2100000, guid: f29bbc05dc57d604885f34993eb89ef4, type: 2}
  m_StaticBatchInfo:
    firstSubMesh: 0
    subMeshCount: 0
  m_StaticBatchRoot: {fileID: 0}
  m_ProbeAnchor: {fileID: 0}
  m_LightProbeVolumeOverride: {fileID: 0}
  m_ScaleInLightmap: 1
  m_ReceiveGI: 1
  m_PreserveUVs: 0
  m_IgnoreNormalsForChartDetection: 0
  m_ImportantGI: 0
  m_StitchLightmapSeams: 1
  m_SelectedEditorRenderState: 3
  m_MinimumChartSize: 4
  m_AutoUVMaxDistance: 0.5
  m_AutoUVMaxAngle: 89
  m_LightmapParameters: {fileID: 0}
  m_SortingLayerID: 0
  m_SortingLayer: 0
  m_SortingOrder: 0
  serializedVersion: 2
  m_Quality: 0
  m_UpdateWhenOffscreen: 0
  m_SkinnedMotionVectors: 1
  m_Mesh: {fileID: 1773197216858952008, guid: f0edb8e5f6f11b548bebd8d2f7b771c9, type: 3}
  m_Bones:
  - {fileID: 8982352381392659304}
  - {fileID: 8982352380680357849}
  - {fileID: 8982352379924073696}
  - {fileID: 8982352381413416531}
  - {fileID: 8982352380884374402}
  - {fileID: 8982352380077331141}
  - {fileID: 8982352380920754243}
  - {fileID: 8982352380401837927}
  - {fileID: 8982352380666076251}
  - {fileID: 8982352380836907755}
  - {fileID: 8982352381161929837}
  - {fileID: 8982352379946654284}
  - {fileID: 8982352380176758757}
  - {fileID: 8982352379493774191}
  - {fileID: 8982352379843042803}
  - {fileID: 8982352381104226580}
  - {fileID: 8982352379973850343}
  - {fileID: 8982352379343539134}
  - {fileID: 8982352380802768438}
  - {fileID: 8982352380840230753}
  - {fileID: 8982352379462303146}
  - {fileID: 8982352380431266217}
  - {fileID: 8982352380767669015}
  - {fileID: 8982352379598274357}
  - {fileID: 8982352381087257270}
  - {fileID: 8982352380793137743}
  - {fileID: 8982352381280144462}
  - {fileID: 8982352379951609966}
  - {fileID: 8982352381235245448}
  - {fileID: 8982352379334307995}
  - {fileID: 8982352381424197080}
  - {fileID: 8982352381101050223}
  - {fileID: 8982352381110407521}
  - {fileID: 8982352380400692683}
  - {fileID: 8982352379673900239}
  - {fileID: 8982352379630231079}
  - {fileID: 8982352380072718678}
  - {fileID: 8982352380091567290}
  - {fileID: 8982352381005929083}
  - {fileID: 8982352380398808800}
  - {fileID: 8982352379918129655}
  - {fileID: 8982352379751646239}
  - {fileID: 8982352380997776442}
  - {fileID: 8982352381143354354}
  - {fileID: 8982352381152420698}
  - {fileID: 8982352381077081111}
  - {fileID: 8982352380300485860}
  - {fileID: 8982352379351318216}
  - {fileID: 8982352380286489549}
  - {fileID: 8982352379430723269}
  - {fileID: 8982352379947767791}
  - {fileID: 8982352380667450823}
  - {fileID: 8982352379473244470}
  - {fileID: 8982352379516012862}
  - {fileID: 8982352379386518242}
  - {fileID: 8982352380341000649}
  - {fileID: 8982352380494368950}
  - {fileID: 8982352380409825555}
  - {fileID: 8982352381264858925}
  - {fileID: 8982352379853186387}
  - {fileID: 8982352380030243554}
  m_BlendShapeWeights: []
  m_RootBone: {fileID: 8982352381392659304}
  m_AABB:
    m_Center: {x: 0, y: 0.008808502, z: -0.0007622934}
    m_Extent: {x: 0.00061621726, y: 0.00005919207, z: 0.00007688155}
  m_DirtyAABB: 0
--- !u!1 &8982352380330129917
GameObject:
  m_ObjectHideFlags: 0
  m_CorrespondingSourceObject: {fileID: 0}
  m_PrefabInstance: {fileID: 0}
  m_PrefabAsset: {fileID: 0}
  serializedVersion: 6
  m_Component:
  - component: {fileID: 8982352380330129916}
  m_Layer: 0
  m_Name: toe.L_end
  m_TagString: Untagged
  m_Icon: {fileID: 0}
  m_NavMeshLayer: 0
  m_StaticEditorFlags: 0
  m_IsActive: 1
--- !u!4 &8982352380330129916
Transform:
  m_ObjectHideFlags: 0
  m_CorrespondingSourceObject: {fileID: 0}
  m_PrefabInstance: {fileID: 0}
  m_PrefabAsset: {fileID: 0}
  m_GameObject: {fileID: 8982352380330129917}
  m_LocalRotation: {x: 0, y: -0, z: -0, w: 1}
  m_LocalPosition: {x: -0, y: 0.000679799, z: 0}
  m_LocalScale: {x: 1, y: 1, z: 1}
  m_Children: []
  m_Father: {fileID: 8982352380494368950}
  m_RootOrder: 0
  m_LocalEulerAnglesHint: {x: 0, y: 0, z: 0}
--- !u!1 &8982352380341000650
GameObject:
  m_ObjectHideFlags: 0
  m_CorrespondingSourceObject: {fileID: 0}
  m_PrefabInstance: {fileID: 0}
  m_PrefabAsset: {fileID: 0}
  serializedVersion: 6
  m_Component:
  - component: {fileID: 8982352380341000649}
  m_Layer: 0
  m_Name: foot.L
  m_TagString: Untagged
  m_Icon: {fileID: 0}
  m_NavMeshLayer: 0
  m_StaticEditorFlags: 0
  m_IsActive: 1
--- !u!4 &8982352380341000649
Transform:
  m_ObjectHideFlags: 0
  m_CorrespondingSourceObject: {fileID: 0}
  m_PrefabInstance: {fileID: 0}
  m_PrefabAsset: {fileID: 0}
  m_GameObject: {fileID: 8982352380341000650}
  m_LocalRotation: {x: -0.39804217, y: 0.030708993, z: 0.02158862, w: 0.9165988}
  m_LocalPosition: {x: 7.683411e-11, y: 0.0042415713, z: -4.1909514e-11}
  m_LocalScale: {x: 0.99999994, y: 1, z: 0.99999994}
  m_Children:
  - {fileID: 8982352380494368950}
  m_Father: {fileID: 8982352379386518242}
  m_RootOrder: 0
  m_LocalEulerAnglesHint: {x: 0, y: 0, z: 0}
--- !u!1 &8982352380398808801
GameObject:
  m_ObjectHideFlags: 0
  m_CorrespondingSourceObject: {fileID: 0}
  m_PrefabInstance: {fileID: 0}
  m_PrefabAsset: {fileID: 0}
  serializedVersion: 6
  m_Component:
  - component: {fileID: 8982352380398808800}
  m_Layer: 0
  m_Name: thumb.02.R
  m_TagString: Untagged
  m_Icon: {fileID: 0}
  m_NavMeshLayer: 0
  m_StaticEditorFlags: 0
  m_IsActive: 1
--- !u!4 &8982352380398808800
Transform:
  m_ObjectHideFlags: 0
  m_CorrespondingSourceObject: {fileID: 0}
  m_PrefabInstance: {fileID: 0}
  m_PrefabAsset: {fileID: 0}
  m_GameObject: {fileID: 8982352380398808801}
  m_LocalRotation: {x: -0.07769742, y: 0.504472, z: -0.1252606, w: 0.8507531}
  m_LocalPosition: {x: 2.2351741e-10, y: 0.00041174976, z: 2.9802322e-10}
  m_LocalScale: {x: 0.9999999, y: 1, z: 0.99999994}
  m_Children:
  - {fileID: 8982352379918129655}
  m_Father: {fileID: 8982352381005929083}
  m_RootOrder: 0
  m_LocalEulerAnglesHint: {x: 0, y: 0, z: 0}
--- !u!1 &8982352380400692684
GameObject:
  m_ObjectHideFlags: 0
  m_CorrespondingSourceObject: {fileID: 0}
  m_PrefabInstance: {fileID: 0}
  m_PrefabAsset: {fileID: 0}
  serializedVersion: 6
  m_Component:
  - component: {fileID: 8982352380400692683}
  m_Layer: 0
  m_Name: forearm.R.001
  m_TagString: Untagged
  m_Icon: {fileID: 0}
  m_NavMeshLayer: 0
  m_StaticEditorFlags: 0
  m_IsActive: 1
--- !u!4 &8982352380400692683
Transform:
  m_ObjectHideFlags: 0
  m_CorrespondingSourceObject: {fileID: 0}
  m_PrefabInstance: {fileID: 0}
  m_PrefabAsset: {fileID: 0}
  m_GameObject: {fileID: 8982352380400692684}
  m_LocalRotation: {x: -0.19193968, y: -0.0071710213, z: 0.10887543, w: 0.9753225}
  m_LocalPosition: {x: 7.4505804e-11, y: 0.0028634605, z: 2.2351741e-10}
  m_LocalScale: {x: 1, y: 0.99999994, z: 0.99999976}
  m_Children:
  - {fileID: 8982352379673900239}
  - {fileID: 8982352379751646239}
  - {fileID: 8982352381077081111}
  - {fileID: 8982352379430723269}
  - {fileID: 8982352381005929083}
  m_Father: {fileID: 8982352381110407521}
  m_RootOrder: 0
  m_LocalEulerAnglesHint: {x: 0, y: 0, z: 0}
--- !u!1 &8982352380401837944
GameObject:
  m_ObjectHideFlags: 0
  m_CorrespondingSourceObject: {fileID: 0}
  m_PrefabInstance: {fileID: 0}
  m_PrefabAsset: {fileID: 0}
  serializedVersion: 6
  m_Component:
  - component: {fileID: 8982352380401837927}
  m_Layer: 0
  m_Name: shoulder.L
  m_TagString: Untagged
  m_Icon: {fileID: 0}
  m_NavMeshLayer: 0
  m_StaticEditorFlags: 0
  m_IsActive: 1
--- !u!4 &8982352380401837927
Transform:
  m_ObjectHideFlags: 0
  m_CorrespondingSourceObject: {fileID: 0}
  m_PrefabInstance: {fileID: 0}
  m_PrefabAsset: {fileID: 0}
  m_GameObject: {fileID: 8982352380401837944}
  m_LocalRotation: {x: -0.4968754, y: 0.37043917, z: 0.47918788, w: 0.62150514}
  m_LocalPosition: {x: -0.000183, y: 0.0013397185, z: 0.00038699686}
  m_LocalScale: {x: 1, y: 1, z: 0.99999994}
  m_Children:
  - {fileID: 8982352380666076251}
  m_Father: {fileID: 8982352381413416531}
  m_RootOrder: 0
  m_LocalEulerAnglesHint: {x: 0, y: 0, z: 0}
--- !u!1 &8982352380409825556
GameObject:
  m_ObjectHideFlags: 0
  m_CorrespondingSourceObject: {fileID: 0}
  m_PrefabInstance: {fileID: 0}
  m_PrefabAsset: {fileID: 0}
  serializedVersion: 6
  m_Component:
  - component: {fileID: 8982352380409825555}
  m_Layer: 0
  m_Name: thigh.R
  m_TagString: Untagged
  m_Icon: {fileID: 0}
  m_NavMeshLayer: 0
  m_StaticEditorFlags: 0
  m_IsActive: 1
--- !u!4 &8982352380409825555
Transform:
  m_ObjectHideFlags: 0
  m_CorrespondingSourceObject: {fileID: 0}
  m_PrefabInstance: {fileID: 0}
  m_PrefabAsset: {fileID: 0}
  m_GameObject: {fileID: 8982352380409825556}
  m_LocalRotation: {x: 0.9906213, y: -0.010132695, z: 0.042751312, w: 0.1293795}
  m_LocalPosition: {x: 0.0014362317, y: -0.00027391413, z: 0.00041743956}
  m_LocalScale: {x: 1, y: 1, z: 1.0000002}
  m_Children:
  - {fileID: 8982352381264858925}
  m_Father: {fileID: 8982352381392659304}
  m_RootOrder: 2
  m_LocalEulerAnglesHint: {x: 0, y: 0, z: 0}
--- !u!1 &8982352380431266218
GameObject:
  m_ObjectHideFlags: 0
  m_CorrespondingSourceObject: {fileID: 0}
  m_PrefabInstance: {fileID: 0}
  m_PrefabAsset: {fileID: 0}
  serializedVersion: 6
  m_Component:
  - component: {fileID: 8982352380431266217}
  m_Layer: 0
  m_Name: f_middle.03.L
  m_TagString: Untagged
  m_Icon: {fileID: 0}
  m_NavMeshLayer: 0
  m_StaticEditorFlags: 0
  m_IsActive: 1
--- !u!4 &8982352380431266217
Transform:
  m_ObjectHideFlags: 0
  m_CorrespondingSourceObject: {fileID: 0}
  m_PrefabInstance: {fileID: 0}
  m_PrefabAsset: {fileID: 0}
  m_GameObject: {fileID: 8982352380431266218}
  m_LocalRotation: {x: 0.029463738, y: 0.01773496, z: -0.014696329, w: 0.9993005}
  m_LocalPosition: {x: 2.2351741e-10, y: 0.00016649916, z: 2.9802322e-10}
  m_LocalScale: {x: 1, y: 0.99999994, z: 1}
  m_Children:
  - {fileID: 8982352380163790901}
  m_Father: {fileID: 8982352379462303146}
  m_RootOrder: 0
  m_LocalEulerAnglesHint: {x: 0, y: 0, z: 0}
--- !u!1 &8982352380451712905
GameObject:
  m_ObjectHideFlags: 0
  m_CorrespondingSourceObject: {fileID: 0}
  m_PrefabInstance: {fileID: 0}
  m_PrefabAsset: {fileID: 0}
  serializedVersion: 6
  m_Component:
  - component: {fileID: 8982352380451712904}
  m_Layer: 0
  m_Name: f_middle.03.R_end
  m_TagString: Untagged
  m_Icon: {fileID: 0}
  m_NavMeshLayer: 0
  m_StaticEditorFlags: 0
  m_IsActive: 1
--- !u!4 &8982352380451712904
Transform:
  m_ObjectHideFlags: 0
  m_CorrespondingSourceObject: {fileID: 0}
  m_PrefabInstance: {fileID: 0}
  m_PrefabAsset: {fileID: 0}
  m_GameObject: {fileID: 8982352380451712905}
  m_LocalRotation: {x: 0, y: -0, z: -0, w: 1}
  m_LocalPosition: {x: -0, y: 0.00023415362, z: 0}
  m_LocalScale: {x: 1, y: 1, z: 1}
  m_Children: []
  m_Father: {fileID: 8982352381152420698}
  m_RootOrder: 0
  m_LocalEulerAnglesHint: {x: 0, y: 0, z: 0}
--- !u!1 &8982352380494368951
GameObject:
  m_ObjectHideFlags: 0
  m_CorrespondingSourceObject: {fileID: 0}
  m_PrefabInstance: {fileID: 0}
  m_PrefabAsset: {fileID: 0}
  serializedVersion: 6
  m_Component:
  - component: {fileID: 8982352380494368950}
  m_Layer: 0
  m_Name: toe.L
  m_TagString: Untagged
  m_Icon: {fileID: 0}
  m_NavMeshLayer: 0
  m_StaticEditorFlags: 0
  m_IsActive: 1
--- !u!4 &8982352380494368950
Transform:
  m_ObjectHideFlags: 0
  m_CorrespondingSourceObject: {fileID: 0}
  m_PrefabInstance: {fileID: 0}
  m_PrefabAsset: {fileID: 0}
  m_GameObject: {fileID: 8982352380494368951}
  m_LocalRotation: {x: -0.31951043, y: -0.000000021790576, z: 0.00000002795842, w: 0.9475828}
  m_LocalPosition: {x: 1.5681523e-10, y: 0.0010779965, z: 1.4551915e-11}
  m_LocalScale: {x: 1, y: 1, z: 1.0000001}
  m_Children:
  - {fileID: 8982352380330129916}
  m_Father: {fileID: 8982352380341000649}
  m_RootOrder: 0
  m_LocalEulerAnglesHint: {x: 0, y: 0, z: 0}
--- !u!1 &8982352380666076252
GameObject:
  m_ObjectHideFlags: 0
  m_CorrespondingSourceObject: {fileID: 0}
  m_PrefabInstance: {fileID: 0}
  m_PrefabAsset: {fileID: 0}
  serializedVersion: 6
  m_Component:
  - component: {fileID: 8982352380666076251}
  m_Layer: 0
  m_Name: upper_arm.L
  m_TagString: Untagged
  m_Icon: {fileID: 0}
  m_NavMeshLayer: 0
  m_StaticEditorFlags: 0
  m_IsActive: 1
--- !u!4 &8982352380666076251
Transform:
  m_ObjectHideFlags: 0
  m_CorrespondingSourceObject: {fileID: 0}
  m_PrefabInstance: {fileID: 0}
  m_PrefabAsset: {fileID: 0}
  m_GameObject: {fileID: 8982352380666076252}
  m_LocalRotation: {x: -0.22360845, y: 0.36452383, z: 0.063471355, w: 0.9017167}
  m_LocalPosition: {x: -0.00007115971, y: 0.0021978223, z: -0.00051967555}
  m_LocalScale: {x: 1, y: 1, z: 1}
  m_Children:
  - {fileID: 8982352380836907755}
  m_Father: {fileID: 8982352380401837927}
  m_RootOrder: 0
  m_LocalEulerAnglesHint: {x: 0, y: 0, z: 0}
--- !u!1 &8982352380667450840
GameObject:
  m_ObjectHideFlags: 0
  m_CorrespondingSourceObject: {fileID: 0}
  m_PrefabInstance: {fileID: 0}
  m_PrefabAsset: {fileID: 0}
  serializedVersion: 6
  m_Component:
  - component: {fileID: 8982352380667450823}
  m_Layer: 0
  m_Name: f_pinky.02.R
  m_TagString: Untagged
  m_Icon: {fileID: 0}
  m_NavMeshLayer: 0
  m_StaticEditorFlags: 0
  m_IsActive: 1
--- !u!4 &8982352380667450823
Transform:
  m_ObjectHideFlags: 0
  m_CorrespondingSourceObject: {fileID: 0}
  m_PrefabInstance: {fileID: 0}
  m_PrefabAsset: {fileID: 0}
  m_GameObject: {fileID: 8982352380667450840}
  m_LocalRotation: {x: -0.031205405, y: -0.13016556, z: 0.08411893, w: 0.98742455}
  m_LocalPosition: {x: 5.9604643e-10, y: 0.00022042311, z: 2.0489097e-10}
  m_LocalScale: {x: 1, y: 1.0000001, z: 0.9999999}
  m_Children:
  - {fileID: 8982352379473244470}
  m_Father: {fileID: 8982352379947767791}
  m_RootOrder: 0
  m_LocalEulerAnglesHint: {x: 0, y: 0, z: 0}
--- !u!1 &8982352380680357850
GameObject:
  m_ObjectHideFlags: 0
  m_CorrespondingSourceObject: {fileID: 0}
  m_PrefabInstance: {fileID: 0}
  m_PrefabAsset: {fileID: 0}
  serializedVersion: 6
  m_Component:
  - component: {fileID: 8982352380680357849}
  m_Layer: 0
  m_Name: spine.001
  m_TagString: Untagged
  m_Icon: {fileID: 0}
  m_NavMeshLayer: 0
  m_StaticEditorFlags: 0
  m_IsActive: 1
--- !u!4 &8982352380680357849
Transform:
  m_ObjectHideFlags: 0
  m_CorrespondingSourceObject: {fileID: 0}
  m_PrefabInstance: {fileID: 0}
  m_PrefabAsset: {fileID: 0}
  m_GameObject: {fileID: 8982352380680357850}
  m_LocalRotation: {x: -0.0644764, y: 0, z: -0, w: 0.99791926}
  m_LocalPosition: {x: -0, y: 0.0015221948, z: -2.2351741e-10}
  m_LocalScale: {x: 1, y: 1, z: 0.99999994}
  m_Children:
  - {fileID: 8982352379924073696}
  m_Father: {fileID: 8982352381392659304}
  m_RootOrder: 0
  m_LocalEulerAnglesHint: {x: 0, y: 0, z: 0}
--- !u!1 &8982352380767671528
GameObject:
  m_ObjectHideFlags: 0
  m_CorrespondingSourceObject: {fileID: 0}
  m_PrefabInstance: {fileID: 0}
  m_PrefabAsset: {fileID: 0}
  serializedVersion: 6
  m_Component:
  - component: {fileID: 8982352380767669015}
  m_Layer: 0
  m_Name: palm.03.L
  m_TagString: Untagged
  m_Icon: {fileID: 0}
  m_NavMeshLayer: 0
  m_StaticEditorFlags: 0
  m_IsActive: 1
--- !u!4 &8982352380767669015
Transform:
  m_ObjectHideFlags: 0
  m_CorrespondingSourceObject: {fileID: 0}
  m_PrefabInstance: {fileID: 0}
  m_PrefabAsset: {fileID: 0}
  m_GameObject: {fileID: 8982352380767671528}
  m_LocalRotation: {x: 0.21744232, y: 0.10476342, z: 0.035916332, w: 0.96976984}
  m_LocalPosition: {x: 0.000014510546, y: 0.00038905218, z: 0.00011602066}
  m_LocalScale: {x: 1, y: 1, z: 1}
  m_Children:
  - {fileID: 8982352379598274357}
  m_Father: {fileID: 8982352381161929837}
  m_RootOrder: 2
  m_LocalEulerAnglesHint: {x: 0, y: 0, z: 0}
--- !u!1 &8982352380793137728
GameObject:
  m_ObjectHideFlags: 0
  m_CorrespondingSourceObject: {fileID: 0}
  m_PrefabInstance: {fileID: 0}
  m_PrefabAsset: {fileID: 0}
  serializedVersion: 6
  m_Component:
  - component: {fileID: 8982352380793137743}
  m_Layer: 0
  m_Name: f_ring.03.L
  m_TagString: Untagged
  m_Icon: {fileID: 0}
  m_NavMeshLayer: 0
  m_StaticEditorFlags: 0
  m_IsActive: 1
--- !u!4 &8982352380793137743
Transform:
  m_ObjectHideFlags: 0
  m_CorrespondingSourceObject: {fileID: 0}
  m_PrefabInstance: {fileID: 0}
  m_PrefabAsset: {fileID: 0}
  m_GameObject: {fileID: 8982352380793137728}
  m_LocalRotation: {x: 0.020755822, y: 0.022580443, z: -0.020626051, w: 0.9993167}
  m_LocalPosition: {x: 6.705522e-10, y: 0.000274377, z: 2.9802322e-10}
  m_LocalScale: {x: 0.99999994, y: 1, z: 1}
  m_Children:
  - {fileID: 8982352380129738505}
  m_Father: {fileID: 8982352381087257270}
  m_RootOrder: 0
  m_LocalEulerAnglesHint: {x: 0, y: 0, z: 0}
--- !u!1 &8982352380802768439
GameObject:
  m_ObjectHideFlags: 0
  m_CorrespondingSourceObject: {fileID: 0}
  m_PrefabInstance: {fileID: 0}
  m_PrefabAsset: {fileID: 0}
  serializedVersion: 6
  m_Component:
  - component: {fileID: 8982352380802768438}
  m_Layer: 0
  m_Name: palm.02.L
  m_TagString: Untagged
  m_Icon: {fileID: 0}
  m_NavMeshLayer: 0
  m_StaticEditorFlags: 0
  m_IsActive: 1
--- !u!4 &8982352380802768438
Transform:
  m_ObjectHideFlags: 0
  m_CorrespondingSourceObject: {fileID: 0}
  m_PrefabInstance: {fileID: 0}
  m_PrefabAsset: {fileID: 0}
  m_GameObject: {fileID: 8982352380802768439}
  m_LocalRotation: {x: 0.16679993, y: 0.09407161, z: 0.08042859, w: 0.97819203}
  m_LocalPosition: {x: -0.00007047193, y: 0.00041010632, z: -0.000010338872}
  m_LocalScale: {x: 1, y: 0.9999999, z: 0.99999994}
  m_Children:
  - {fileID: 8982352380840230753}
  m_Father: {fileID: 8982352381161929837}
  m_RootOrder: 1
  m_LocalEulerAnglesHint: {x: 0, y: 0, z: 0}
--- !u!1 &8982352380836907756
GameObject:
  m_ObjectHideFlags: 0
  m_CorrespondingSourceObject: {fileID: 0}
  m_PrefabInstance: {fileID: 0}
  m_PrefabAsset: {fileID: 0}
  serializedVersion: 6
  m_Component:
  - component: {fileID: 8982352380836907755}
  m_Layer: 0
  m_Name: forearm.L
  m_TagString: Untagged
  m_Icon: {fileID: 0}
  m_NavMeshLayer: 0
  m_StaticEditorFlags: 0
  m_IsActive: 1
--- !u!4 &8982352380836907755
Transform:
  m_ObjectHideFlags: 0
  m_CorrespondingSourceObject: {fileID: 0}
  m_PrefabInstance: {fileID: 0}
  m_PrefabAsset: {fileID: 0}
  m_GameObject: {fileID: 8982352380836907756}
  m_LocalRotation: {x: -0.2410033, y: -0.00009283414, z: 0.21956347, w: 0.94536203}
  m_LocalPosition: {x: 4.4703483e-10, y: 0.002401834, z: 0}
  m_LocalScale: {x: 1, y: 1, z: 1}
  m_Children:
  - {fileID: 8982352381161929837}
  m_Father: {fileID: 8982352380666076251}
  m_RootOrder: 0
  m_LocalEulerAnglesHint: {x: 0, y: 0, z: 0}
--- !u!1 &8982352380840230754
GameObject:
  m_ObjectHideFlags: 0
  m_CorrespondingSourceObject: {fileID: 0}
  m_PrefabInstance: {fileID: 0}
  m_PrefabAsset: {fileID: 0}
  serializedVersion: 6
  m_Component:
  - component: {fileID: 8982352380840230753}
  m_Layer: 0
  m_Name: f_middle.01.L
  m_TagString: Untagged
  m_Icon: {fileID: 0}
  m_NavMeshLayer: 0
  m_StaticEditorFlags: 0
  m_IsActive: 1
--- !u!4 &8982352380840230753
Transform:
  m_ObjectHideFlags: 0
  m_CorrespondingSourceObject: {fileID: 0}
  m_PrefabInstance: {fileID: 0}
  m_PrefabAsset: {fileID: 0}
  m_GameObject: {fileID: 8982352380840230754}
  m_LocalRotation: {x: -0.056006197, y: 0.21951374, z: -0.09137507, w: 0.9697049}
  m_LocalPosition: {x: 8.1956386e-10, y: 0.00081935985, z: 4.4703483e-10}
  m_LocalScale: {x: 0.99999994, y: 0.99999994, z: 0.9999999}
  m_Children:
  - {fileID: 8982352379462303146}
  m_Father: {fileID: 8982352380802768438}
  m_RootOrder: 0
  m_LocalEulerAnglesHint: {x: 0, y: 0, z: 0}
--- !u!1 &8982352380867585434
GameObject:
  m_ObjectHideFlags: 0
  m_CorrespondingSourceObject: {fileID: 0}
  m_PrefabInstance: {fileID: 0}
  m_PrefabAsset: {fileID: 0}
  serializedVersion: 6
  m_Component:
  - component: {fileID: 8982352380867585433}
  m_Layer: 0
  m_Name: thumb.03.L_end
  m_TagString: Untagged
  m_Icon: {fileID: 0}
  m_NavMeshLayer: 0
  m_StaticEditorFlags: 0
  m_IsActive: 1
--- !u!4 &8982352380867585433
Transform:
  m_ObjectHideFlags: 0
  m_CorrespondingSourceObject: {fileID: 0}
  m_PrefabInstance: {fileID: 0}
  m_PrefabAsset: {fileID: 0}
  m_GameObject: {fileID: 8982352380867585434}
  m_LocalRotation: {x: 0, y: -0, z: -0, w: 1}
  m_LocalPosition: {x: -0, y: 0.00020153158, z: 0}
  m_LocalScale: {x: 1, y: 1, z: 1}
  m_Children: []
  m_Father: {fileID: 8982352379343539134}
  m_RootOrder: 0
  m_LocalEulerAnglesHint: {x: 0, y: 0, z: 0}
--- !u!1 &8982352380884295982
GameObject:
  m_ObjectHideFlags: 0
  m_CorrespondingSourceObject: {fileID: 0}
  m_PrefabInstance: {fileID: 0}
  m_PrefabAsset: {fileID: 0}
  serializedVersion: 6
  m_Component:
  - component: {fileID: 8982352380884295981}
  m_Layer: 0
  m_Name: f_pinky.03.L_end
  m_TagString: Untagged
  m_Icon: {fileID: 0}
  m_NavMeshLayer: 0
  m_StaticEditorFlags: 0
  m_IsActive: 1
--- !u!4 &8982352380884295981
Transform:
  m_ObjectHideFlags: 0
  m_CorrespondingSourceObject: {fileID: 0}
  m_PrefabInstance: {fileID: 0}
  m_PrefabAsset: {fileID: 0}
  m_GameObject: {fileID: 8982352380884295982}
  m_LocalRotation: {x: 0, y: -0, z: -0, w: 1}
  m_LocalPosition: {x: -0, y: 0.00014546866, z: 0}
  m_LocalScale: {x: 1, y: 1, z: 1}
  m_Children: []
  m_Father: {fileID: 8982352379334307995}
  m_RootOrder: 0
  m_LocalEulerAnglesHint: {x: 0, y: 0, z: 0}
--- !u!1 &8982352380884374403
GameObject:
  m_ObjectHideFlags: 0
  m_CorrespondingSourceObject: {fileID: 0}
  m_PrefabInstance: {fileID: 0}
  m_PrefabAsset: {fileID: 0}
  serializedVersion: 6
  m_Component:
  - component: {fileID: 8982352380884374402}
  m_Layer: 0
  m_Name: spine.004
  m_TagString: Untagged
  m_Icon: {fileID: 0}
  m_NavMeshLayer: 0
  m_StaticEditorFlags: 0
  m_IsActive: 1
--- !u!4 &8982352380884374402
Transform:
  m_ObjectHideFlags: 0
  m_CorrespondingSourceObject: {fileID: 0}
  m_PrefabInstance: {fileID: 0}
  m_PrefabAsset: {fileID: 0}
  m_GameObject: {fileID: 8982352380884374403}
  m_LocalRotation: {x: 0.19981802, y: -1.2575643e-17, z: -1.5068165e-17, w: 0.97983307}
  m_LocalPosition: {x: 6.850089e-27, y: 0.0020443848, z: 3.7252902e-11}
  m_LocalScale: {x: 1, y: 1, z: 1}
  m_Children:
  - {fileID: 8982352380077331141}
  m_Father: {fileID: 8982352381413416531}
  m_RootOrder: 2
  m_LocalEulerAnglesHint: {x: 0, y: 0, z: 0}
--- !u!1 &8982352380920754244
GameObject:
  m_ObjectHideFlags: 0
  m_CorrespondingSourceObject: {fileID: 0}
  m_PrefabInstance: {fileID: 0}
  m_PrefabAsset: {fileID: 0}
  serializedVersion: 6
  m_Component:
  - component: {fileID: 8982352380920754243}
  m_Layer: 0
  m_Name: spine.006
  m_TagString: Untagged
  m_Icon: {fileID: 0}
  m_NavMeshLayer: 0
  m_StaticEditorFlags: 0
  m_IsActive: 1
--- !u!4 &8982352380920754243
Transform:
  m_ObjectHideFlags: 0
  m_CorrespondingSourceObject: {fileID: 0}
  m_PrefabInstance: {fileID: 0}
  m_PrefabAsset: {fileID: 0}
  m_GameObject: {fileID: 8982352380920754244}
  m_LocalRotation: {x: -0.14127827, y: 8.530988e-20, z: 3.0391451e-18, w: 0.9899699}
  m_LocalPosition: {x: -1.7577588e-26, y: 0.00060950196, z: 2.9802322e-10}
  m_LocalScale: {x: 1, y: 1, z: 0.99999994}
  m_Children:
  - {fileID: 8982352381039243074}
  m_Father: {fileID: 8982352380077331141}
  m_RootOrder: 0
  m_LocalEulerAnglesHint: {x: 0, y: 0, z: 0}
--- !u!1 &8982352380959630247
GameObject:
  m_ObjectHideFlags: 0
  m_CorrespondingSourceObject: {fileID: 0}
  m_PrefabInstance: {fileID: 0}
  m_PrefabAsset: {fileID: 0}
  serializedVersion: 6
  m_Component:
  - component: {fileID: 8982352380959630246}
  m_Layer: 0
  m_Name: f_ring.03.R_end
  m_TagString: Untagged
  m_Icon: {fileID: 0}
  m_NavMeshLayer: 0
  m_StaticEditorFlags: 0
  m_IsActive: 1
--- !u!4 &8982352380959630246
Transform:
  m_ObjectHideFlags: 0
  m_CorrespondingSourceObject: {fileID: 0}
  m_PrefabInstance: {fileID: 0}
  m_PrefabAsset: {fileID: 0}
  m_GameObject: {fileID: 8982352380959630247}
  m_LocalRotation: {x: 0, y: -0, z: -0, w: 1}
  m_LocalPosition: {x: -0, y: 0.00017680996, z: 0}
  m_LocalScale: {x: 1, y: 1, z: 1}
  m_Children: []
  m_Father: {fileID: 8982352380286489549}
  m_RootOrder: 0
  m_LocalEulerAnglesHint: {x: 0, y: 0, z: 0}
--- !u!1 &8982352380997776443
GameObject:
  m_ObjectHideFlags: 0
  m_CorrespondingSourceObject: {fileID: 0}
  m_PrefabInstance: {fileID: 0}
  m_PrefabAsset: {fileID: 0}
  serializedVersion: 6
  m_Component:
  - component: {fileID: 8982352380997776442}
  m_Layer: 0
  m_Name: f_middle.01.R
  m_TagString: Untagged
  m_Icon: {fileID: 0}
  m_NavMeshLayer: 0
  m_StaticEditorFlags: 0
  m_IsActive: 1
--- !u!4 &8982352380997776442
Transform:
  m_ObjectHideFlags: 0
  m_CorrespondingSourceObject: {fileID: 0}
  m_PrefabInstance: {fileID: 0}
  m_PrefabAsset: {fileID: 0}
  m_GameObject: {fileID: 8982352380997776443}
  m_LocalRotation: {x: -0.056006268, y: -0.21951367, z: 0.09137504, w: 0.9697049}
  m_LocalPosition: {x: 7.4505804e-11, y: 0.0008193591, z: 1.4901161e-10}
  m_LocalScale: {x: 1, y: 1.0000002, z: 1}
  m_Children:
  - {fileID: 8982352381143354354}
  m_Father: {fileID: 8982352379751646239}
  m_RootOrder: 0
  m_LocalEulerAnglesHint: {x: 0, y: 0, z: 0}
--- !u!1 &8982352381005929084
GameObject:
  m_ObjectHideFlags: 0
  m_CorrespondingSourceObject: {fileID: 0}
  m_PrefabInstance: {fileID: 0}
  m_PrefabAsset: {fileID: 0}
  serializedVersion: 6
  m_Component:
  - component: {fileID: 8982352381005929083}
  m_Layer: 0
  m_Name: thumb.01.R
  m_TagString: Untagged
  m_Icon: {fileID: 0}
  m_NavMeshLayer: 0
  m_StaticEditorFlags: 0
  m_IsActive: 1
--- !u!4 &8982352381005929083
Transform:
  m_ObjectHideFlags: 0
  m_CorrespondingSourceObject: {fileID: 0}
  m_PrefabInstance: {fileID: 0}
  m_PrefabAsset: {fileID: 0}
  m_GameObject: {fileID: 8982352381005929084}
  m_LocalRotation: {x: 0.14992043, y: 0.93541956, z: -0.311281, w: -0.07495485}
  m_LocalPosition: {x: 0.000121099816, y: 0.00043399393, z: -0.00024152793}
  m_LocalScale: {x: 1.0000001, y: 1, z: 1}
  m_Children:
  - {fileID: 8982352380398808800}
  m_Father: {fileID: 8982352380400692683}
  m_RootOrder: 4
  m_LocalEulerAnglesHint: {x: 0, y: 0, z: 0}
--- !u!1 &8982352381039243075
GameObject:
  m_ObjectHideFlags: 0
  m_CorrespondingSourceObject: {fileID: 0}
  m_PrefabInstance: {fileID: 0}
  m_PrefabAsset: {fileID: 0}
  serializedVersion: 6
  m_Component:
  - component: {fileID: 8982352381039243074}
  m_Layer: 0
  m_Name: spine.006_end
  m_TagString: Untagged
  m_Icon: {fileID: 0}
  m_NavMeshLayer: 0
  m_StaticEditorFlags: 0
  m_IsActive: 1
--- !u!4 &8982352381039243074
Transform:
  m_ObjectHideFlags: 0
  m_CorrespondingSourceObject: {fileID: 0}
  m_PrefabInstance: {fileID: 0}
  m_PrefabAsset: {fileID: 0}
  m_GameObject: {fileID: 8982352381039243075}
  m_LocalRotation: {x: 0, y: -0, z: -0, w: 1}
  m_LocalPosition: {x: -0, y: 0.0018232319, z: 0}
  m_LocalScale: {x: 1, y: 1, z: 1}
  m_Children: []
  m_Father: {fileID: 8982352380920754243}
  m_RootOrder: 0
  m_LocalEulerAnglesHint: {x: 0, y: 0, z: 0}
--- !u!1 &8982352381077081576
GameObject:
  m_ObjectHideFlags: 0
  m_CorrespondingSourceObject: {fileID: 0}
  m_PrefabInstance: {fileID: 0}
  m_PrefabAsset: {fileID: 0}
  serializedVersion: 6
  m_Component:
  - component: {fileID: 8982352381077081111}
  m_Layer: 0
  m_Name: palm.03.R
  m_TagString: Untagged
  m_Icon: {fileID: 0}
  m_NavMeshLayer: 0
  m_StaticEditorFlags: 0
  m_IsActive: 1
--- !u!4 &8982352381077081111
Transform:
  m_ObjectHideFlags: 0
  m_CorrespondingSourceObject: {fileID: 0}
  m_PrefabInstance: {fileID: 0}
  m_PrefabAsset: {fileID: 0}
  m_GameObject: {fileID: 8982352381077081576}
  m_LocalRotation: {x: 0.21744245, y: -0.10476345, z: -0.035916347, w: 0.9697698}
  m_LocalPosition: {x: -0.000014511845, y: 0.00038905174, z: 0.000116021256}
  m_LocalScale: {x: 1.0000001, y: 1.0000001, z: 1}
  m_Children:
  - {fileID: 8982352380300485860}
  m_Father: {fileID: 8982352380400692683}
  m_RootOrder: 2
  m_LocalEulerAnglesHint: {x: 0, y: 0, z: 0}
--- !u!1 &8982352381087257271
GameObject:
  m_ObjectHideFlags: 0
  m_CorrespondingSourceObject: {fileID: 0}
  m_PrefabInstance: {fileID: 0}
  m_PrefabAsset: {fileID: 0}
  serializedVersion: 6
  m_Component:
  - component: {fileID: 8982352381087257270}
  m_Layer: 0
  m_Name: f_ring.02.L
  m_TagString: Untagged
  m_Icon: {fileID: 0}
  m_NavMeshLayer: 0
  m_StaticEditorFlags: 0
  m_IsActive: 1
--- !u!4 &8982352381087257270
Transform:
  m_ObjectHideFlags: 0
  m_CorrespondingSourceObject: {fileID: 0}
  m_PrefabInstance: {fileID: 0}
  m_PrefabAsset: {fileID: 0}
  m_GameObject: {fileID: 8982352381087257271}
  m_LocalRotation: {x: -0.034417216, y: 0.0981041, z: -0.04871587, w: 0.99338704}
  m_LocalPosition: {x: -0.000000001117587, y: 0.00029808268, z: 6.705522e-10}
  m_LocalScale: {x: 1, y: 1, z: 1.0000001}
  m_Children:
  - {fileID: 8982352380793137743}
  m_Father: {fileID: 8982352379598274357}
  m_RootOrder: 0
  m_LocalEulerAnglesHint: {x: 0, y: 0, z: 0}
--- !u!1 &8982352381094784745
GameObject:
  m_ObjectHideFlags: 0
  m_CorrespondingSourceObject: {fileID: 0}
  m_PrefabInstance: {fileID: 0}
  m_PrefabAsset: {fileID: 0}
  serializedVersion: 6
  m_Component:
  - component: {fileID: 8982352381094784744}
  m_Layer: 0
  m_Name: thumb.03.R_end
  m_TagString: Untagged
  m_Icon: {fileID: 0}
  m_NavMeshLayer: 0
  m_StaticEditorFlags: 0
  m_IsActive: 1
--- !u!4 &8982352381094784744
Transform:
  m_ObjectHideFlags: 0
  m_CorrespondingSourceObject: {fileID: 0}
  m_PrefabInstance: {fileID: 0}
  m_PrefabAsset: {fileID: 0}
  m_GameObject: {fileID: 8982352381094784745}
  m_LocalRotation: {x: 0, y: -0, z: -0, w: 1}
  m_LocalPosition: {x: -0, y: 0.00020153158, z: 0}
  m_LocalScale: {x: 1, y: 1, z: 1}
  m_Children: []
  m_Father: {fileID: 8982352379918129655}
  m_RootOrder: 0
  m_LocalEulerAnglesHint: {x: 0, y: 0, z: 0}
--- !u!1 &8982352381101050208
GameObject:
  m_ObjectHideFlags: 0
  m_CorrespondingSourceObject: {fileID: 0}
  m_PrefabInstance: {fileID: 0}
  m_PrefabAsset: {fileID: 0}
  serializedVersion: 6
  m_Component:
  - component: {fileID: 8982352381101050223}
  m_Layer: 0
  m_Name: upper_arm.R
  m_TagString: Untagged
  m_Icon: {fileID: 0}
  m_NavMeshLayer: 0
  m_StaticEditorFlags: 0
  m_IsActive: 1
--- !u!4 &8982352381101050223
Transform:
  m_ObjectHideFlags: 0
  m_CorrespondingSourceObject: {fileID: 0}
  m_PrefabInstance: {fileID: 0}
  m_PrefabAsset: {fileID: 0}
  m_GameObject: {fileID: 8982352381101050208}
  m_LocalRotation: {x: -0.2236084, y: -0.36452383, z: -0.06347134, w: 0.9017167}
  m_LocalPosition: {x: 0.00007115971, y: 0.0021978223, z: -0.00051967555}
  m_LocalScale: {x: 1, y: 1, z: 1}
  m_Children:
  - {fileID: 8982352381110407521}
  m_Father: {fileID: 8982352381424197080}
  m_RootOrder: 0
  m_LocalEulerAnglesHint: {x: 0, y: 0, z: 0}
--- !u!1 &8982352381104226581
GameObject:
  m_ObjectHideFlags: 0
  m_CorrespondingSourceObject: {fileID: 0}
  m_PrefabInstance: {fileID: 0}
  m_PrefabAsset: {fileID: 0}
  serializedVersion: 6
  m_Component:
  - component: {fileID: 8982352381104226580}
  m_Layer: 0
  m_Name: thumb.01.L
  m_TagString: Untagged
  m_Icon: {fileID: 0}
  m_NavMeshLayer: 0
  m_StaticEditorFlags: 0
  m_IsActive: 1
--- !u!4 &8982352381104226580
Transform:
  m_ObjectHideFlags: 0
  m_CorrespondingSourceObject: {fileID: 0}
  m_PrefabInstance: {fileID: 0}
  m_PrefabAsset: {fileID: 0}
  m_GameObject: {fileID: 8982352381104226581}
  m_LocalRotation: {x: -0.14992084, y: 0.9354197, z: -0.3112806, w: 0.074955046}
  m_LocalPosition: {x: -0.000121100944, y: 0.0004339948, z: -0.00024152853}
  m_LocalScale: {x: 1, y: 1, z: 0.99999994}
  m_Children:
  - {fileID: 8982352379973850343}
  m_Father: {fileID: 8982352381161929837}
  m_RootOrder: 4
  m_LocalEulerAnglesHint: {x: 0, y: 0, z: 0}
--- !u!1 &8982352381110407522
GameObject:
  m_ObjectHideFlags: 0
  m_CorrespondingSourceObject: {fileID: 0}
  m_PrefabInstance: {fileID: 0}
  m_PrefabAsset: {fileID: 0}
  serializedVersion: 6
  m_Component:
  - component: {fileID: 8982352381110407521}
  m_Layer: 0
  m_Name: forearm.R
  m_TagString: Untagged
  m_Icon: {fileID: 0}
  m_NavMeshLayer: 0
  m_StaticEditorFlags: 0
  m_IsActive: 1
--- !u!4 &8982352381110407521
Transform:
  m_ObjectHideFlags: 0
  m_CorrespondingSourceObject: {fileID: 0}
  m_PrefabInstance: {fileID: 0}
  m_PrefabAsset: {fileID: 0}
  m_GameObject: {fileID: 8982352381110407522}
  m_LocalRotation: {x: -0.24100327, y: 0.000092721566, z: -0.21956348, w: 0.94536203}
  m_LocalPosition: {x: -6.1467287e-10, y: 0.0024018334, z: 0.0000000010430813}
  m_LocalScale: {x: 0.9999999, y: 0.9999999, z: 0.99999994}
  m_Children:
  - {fileID: 8982352380400692683}
  m_Father: {fileID: 8982352381101050223}
  m_RootOrder: 0
  m_LocalEulerAnglesHint: {x: 0, y: 0, z: 0}
--- !u!1 &8982352381143354355
GameObject:
  m_ObjectHideFlags: 0
  m_CorrespondingSourceObject: {fileID: 0}
  m_PrefabInstance: {fileID: 0}
  m_PrefabAsset: {fileID: 0}
  serializedVersion: 6
  m_Component:
  - component: {fileID: 8982352381143354354}
  m_Layer: 0
  m_Name: f_middle.02.R
  m_TagString: Untagged
  m_Icon: {fileID: 0}
  m_NavMeshLayer: 0
  m_StaticEditorFlags: 0
  m_IsActive: 1
--- !u!4 &8982352381143354354
Transform:
  m_ObjectHideFlags: 0
  m_CorrespondingSourceObject: {fileID: 0}
  m_PrefabInstance: {fileID: 0}
  m_PrefabAsset: {fileID: 0}
  m_GameObject: {fileID: 8982352381143354355}
  m_LocalRotation: {x: -0.0074704327, y: -0.121507585, z: 0.05907825, w: 0.99080265}
  m_LocalPosition: {x: 1.4901161e-10, y: 0.00030429914, z: -5.587935e-10}
  m_LocalScale: {x: 0.99999994, y: 0.99999994, z: 1}
  m_Children:
  - {fileID: 8982352381152420698}
  m_Father: {fileID: 8982352380997776442}
  m_RootOrder: 0
  m_LocalEulerAnglesHint: {x: 0, y: 0, z: 0}
--- !u!1 &8982352381152420699
GameObject:
  m_ObjectHideFlags: 0
  m_CorrespondingSourceObject: {fileID: 0}
  m_PrefabInstance: {fileID: 0}
  m_PrefabAsset: {fileID: 0}
  serializedVersion: 6
  m_Component:
  - component: {fileID: 8982352381152420698}
  m_Layer: 0
  m_Name: f_middle.03.R
  m_TagString: Untagged
  m_Icon: {fileID: 0}
  m_NavMeshLayer: 0
  m_StaticEditorFlags: 0
  m_IsActive: 1
--- !u!4 &8982352381152420698
Transform:
  m_ObjectHideFlags: 0
  m_CorrespondingSourceObject: {fileID: 0}
  m_PrefabInstance: {fileID: 0}
  m_PrefabAsset: {fileID: 0}
  m_GameObject: {fileID: 8982352381152420699}
  m_LocalRotation: {x: 0.029463813, y: -0.017734993, z: 0.014696316, w: 0.9993005}
  m_LocalPosition: {x: -4.4703483e-10, y: 0.00016649916, z: 5.9604643e-10}
  m_LocalScale: {x: 1, y: 1, z: 1}
  m_Children:
  - {fileID: 8982352380451712904}
  m_Father: {fileID: 8982352381143354354}
  m_RootOrder: 0
  m_LocalEulerAnglesHint: {x: 0, y: 0, z: 0}
--- !u!1 &8982352381161929838
GameObject:
  m_ObjectHideFlags: 0
  m_CorrespondingSourceObject: {fileID: 0}
  m_PrefabInstance: {fileID: 0}
  m_PrefabAsset: {fileID: 0}
  serializedVersion: 6
  m_Component:
  - component: {fileID: 8982352381161929837}
  m_Layer: 0
  m_Name: forearm.L.001
  m_TagString: Untagged
  m_Icon: {fileID: 0}
  m_NavMeshLayer: 0
  m_StaticEditorFlags: 0
  m_IsActive: 1
--- !u!4 &8982352381161929837
Transform:
  m_ObjectHideFlags: 0
  m_CorrespondingSourceObject: {fileID: 0}
  m_PrefabInstance: {fileID: 0}
  m_PrefabAsset: {fileID: 0}
  m_GameObject: {fileID: 8982352381161929838}
  m_LocalRotation: {x: -0.19193964, y: 0.0071711433, z: -0.10887534, w: 0.9753225}
  m_LocalPosition: {x: -7.4505804e-11, y: 0.0028634607, z: -5.2154064e-10}
  m_LocalScale: {x: 1, y: 1, z: 1.0000001}
  m_Children:
  - {fileID: 8982352379946654284}
  - {fileID: 8982352380802768438}
  - {fileID: 8982352380767669015}
  - {fileID: 8982352381280144462}
  - {fileID: 8982352381104226580}
  m_Father: {fileID: 8982352380836907755}
  m_RootOrder: 0
  m_LocalEulerAnglesHint: {x: 0, y: 0, z: 0}
--- !u!1 &8982352381235245449
GameObject:
  m_ObjectHideFlags: 0
  m_CorrespondingSourceObject: {fileID: 0}
  m_PrefabInstance: {fileID: 0}
  m_PrefabAsset: {fileID: 0}
  serializedVersion: 6
  m_Component:
  - component: {fileID: 8982352381235245448}
  m_Layer: 0
  m_Name: f_pinky.02.L
  m_TagString: Untagged
  m_Icon: {fileID: 0}
  m_NavMeshLayer: 0
  m_StaticEditorFlags: 0
  m_IsActive: 1
--- !u!4 &8982352381235245448
Transform:
  m_ObjectHideFlags: 0
  m_CorrespondingSourceObject: {fileID: 0}
  m_PrefabInstance: {fileID: 0}
  m_PrefabAsset: {fileID: 0}
  m_GameObject: {fileID: 8982352381235245449}
  m_LocalRotation: {x: -0.031205373, y: 0.13016565, z: -0.08411892, w: 0.98742455}
  m_LocalPosition: {x: 2.2351741e-10, y: 0.000220424, z: -4.6566126e-11}
  m_LocalScale: {x: 1, y: 0.99999994, z: 0.99999994}
  m_Children:
  - {fileID: 8982352379334307995}
  m_Father: {fileID: 8982352379951609966}
  m_RootOrder: 0
  m_LocalEulerAnglesHint: {x: 0, y: 0, z: 0}
--- !u!1 &8982352381264858926
GameObject:
  m_ObjectHideFlags: 0
  m_CorrespondingSourceObject: {fileID: 0}
  m_PrefabInstance: {fileID: 0}
  m_PrefabAsset: {fileID: 0}
  serializedVersion: 6
  m_Component:
  - component: {fileID: 8982352381264858925}
  m_Layer: 0
  m_Name: shin.R
  m_TagString: Untagged
  m_Icon: {fileID: 0}
  m_NavMeshLayer: 0
  m_StaticEditorFlags: 0
  m_IsActive: 1
--- !u!4 &8982352381264858925
Transform:
  m_ObjectHideFlags: 0
  m_CorrespondingSourceObject: {fileID: 0}
  m_PrefabInstance: {fileID: 0}
  m_PrefabAsset: {fileID: 0}
  m_GameObject: {fileID: 8982352381264858926}
  m_LocalRotation: {x: 0.02876605, y: -0.004864917, z: -0.00027787423, w: 0.9995743}
  m_LocalPosition: {x: -3.259629e-11, y: 0.0044368594, z: -1.3969838e-11}
  m_LocalScale: {x: 0.9999999, y: 0.9999999, z: 0.99999994}
  m_Children:
  - {fileID: 8982352379853186387}
  m_Father: {fileID: 8982352380409825555}
  m_RootOrder: 0
  m_LocalEulerAnglesHint: {x: 0, y: 0, z: 0}
--- !u!1 &8982352381280144463
GameObject:
  m_ObjectHideFlags: 0
  m_CorrespondingSourceObject: {fileID: 0}
  m_PrefabInstance: {fileID: 0}
  m_PrefabAsset: {fileID: 0}
  serializedVersion: 6
  m_Component:
  - component: {fileID: 8982352381280144462}
  m_Layer: 0
  m_Name: palm.04.L
  m_TagString: Untagged
  m_Icon: {fileID: 0}
  m_NavMeshLayer: 0
  m_StaticEditorFlags: 0
  m_IsActive: 1
--- !u!4 &8982352381280144462
Transform:
  m_ObjectHideFlags: 0
  m_CorrespondingSourceObject: {fileID: 0}
  m_PrefabInstance: {fileID: 0}
  m_PrefabAsset: {fileID: 0}
  m_GameObject: {fileID: 8982352381280144463}
  m_LocalRotation: {x: 0.26562294, y: 0.12672962, z: -0.013545191, w: 0.95561534}
  m_LocalPosition: {x: 0.00011968235, y: 0.00035173967, z: 0.00021237209}
  m_LocalScale: {x: 1, y: 0.9999999, z: 0.99999994}
  m_Children:
  - {fileID: 8982352379951609966}
  m_Father: {fileID: 8982352381161929837}
  m_RootOrder: 3
  m_LocalEulerAnglesHint: {x: 0, y: 0, z: 0}
--- !u!1 &8982352381392659305
GameObject:
  m_ObjectHideFlags: 0
  m_CorrespondingSourceObject: {fileID: 0}
  m_PrefabInstance: {fileID: 0}
  m_PrefabAsset: {fileID: 0}
  serializedVersion: 6
  m_Component:
  - component: {fileID: 8982352381392659304}
  m_Layer: 0
  m_Name: spine
  m_TagString: Untagged
  m_Icon: {fileID: 0}
  m_NavMeshLayer: 0
  m_StaticEditorFlags: 0
  m_IsActive: 1
--- !u!4 &8982352381392659304
Transform:
  m_ObjectHideFlags: 0
  m_CorrespondingSourceObject: {fileID: 0}
  m_PrefabInstance: {fileID: 0}
  m_PrefabAsset: {fileID: 0}
  m_GameObject: {fileID: 8982352381392659305}
  m_LocalRotation: {x: 0.79045546, y: 0, z: -0, w: 0.61251956}
  m_LocalPosition: {x: -0, y: -0.00015390817, z: 0.010098999}
  m_LocalScale: {x: 1, y: 0.99999994, z: 0.9999999}
  m_Children:
  - {fileID: 8982352380680357849}
  - {fileID: 8982352379516012862}
  - {fileID: 8982352380409825555}
  m_Father: {fileID: 8982352380069813128}
  m_RootOrder: 0
  m_LocalEulerAnglesHint: {x: 0, y: 0, z: 0}
--- !u!1 &8982352381413416532
GameObject:
  m_ObjectHideFlags: 0
  m_CorrespondingSourceObject: {fileID: 0}
  m_PrefabInstance: {fileID: 0}
  m_PrefabAsset: {fileID: 0}
  serializedVersion: 6
  m_Component:
  - component: {fileID: 8982352381413416531}
  m_Layer: 0
  m_Name: spine.003
  m_TagString: Untagged
  m_Icon: {fileID: 0}
  m_NavMeshLayer: 0
  m_StaticEditorFlags: 0
  m_IsActive: 1
--- !u!4 &8982352381413416531
Transform:
  m_ObjectHideFlags: 0
  m_CorrespondingSourceObject: {fileID: 0}
  m_PrefabInstance: {fileID: 0}
  m_PrefabAsset: {fileID: 0}
  m_GameObject: {fileID: 8982352381413416532}
  m_LocalRotation: {x: -0.11116445, y: 2.5540105e-18, z: 2.6365946e-18, w: 0.9938021}
  m_LocalPosition: {x: -0, y: 0.0017288747, z: -3.7252902e-11}
  m_LocalScale: {x: 1, y: 1, z: 1}
  m_Children:
  - {fileID: 8982352380401837927}
  - {fileID: 8982352381424197080}
  - {fileID: 8982352380884374402}
  m_Father: {fileID: 8982352379924073696}
  m_RootOrder: 0
  m_LocalEulerAnglesHint: {x: 0, y: 0, z: 0}
--- !u!1 &8982352381424197081
GameObject:
  m_ObjectHideFlags: 0
  m_CorrespondingSourceObject: {fileID: 0}
  m_PrefabInstance: {fileID: 0}
  m_PrefabAsset: {fileID: 0}
  serializedVersion: 6
  m_Component:
  - component: {fileID: 8982352381424197080}
  m_Layer: 0
  m_Name: shoulder.R
  m_TagString: Untagged
  m_Icon: {fileID: 0}
  m_NavMeshLayer: 0
  m_StaticEditorFlags: 0
  m_IsActive: 1
--- !u!4 &8982352381424197080
Transform:
  m_ObjectHideFlags: 0
  m_CorrespondingSourceObject: {fileID: 0}
  m_PrefabInstance: {fileID: 0}
  m_PrefabAsset: {fileID: 0}
  m_GameObject: {fileID: 8982352381424197081}
  m_LocalRotation: {x: -0.4968754, y: -0.37043917, z: -0.47918788, w: 0.62150514}
  m_LocalPosition: {x: 0.000183, y: 0.0013397185, z: 0.00038699686}
  m_LocalScale: {x: 1, y: 1, z: 0.99999994}
  m_Children:
  - {fileID: 8982352381101050223}
  m_Father: {fileID: 8982352381413416531}
  m_RootOrder: 1
  m_LocalEulerAnglesHint: {x: 0, y: 0, z: 0}
