%YAML 1.1
%TAG !u! tag:unity3d.com,2011:
--- !u!65 &9043390058328627932
BoxCollider:
  m_ObjectHideFlags: 0
  m_CorrespondingSourceObject: {fileID: 0}
  m_PrefabInstance: {fileID: 0}
  m_PrefabAsset: {fileID: 0}
  m_GameObject: {fileID: 6500171690519551376}
  m_Material: {fileID: 0}
  m_IsTrigger: 0
  m_Enabled: 1
  serializedVersion: 2
  m_Size: {x: 1.1406207, y: 0.1593275, z: 2.204794}
  m_Center: {x: -0.015824556, y: -0.0020737648, z: -0.05701542}
--- !u!1 &7761439415094466189
GameObject:
  m_ObjectHideFlags: 0
  m_CorrespondingSourceObject: {fileID: 0}
  m_PrefabInstance: {fileID: 0}
  m_PrefabAsset: {fileID: 0}
  serializedVersion: 6
  m_Component:
  - component: {fileID: 5069058431806563627}
  - component: {fileID: 4542904427123098963}
  - component: {fileID: -8167596518294466910}
  m_Layer: 0
  m_Name: Framing
  m_TagString: Untagged
  m_Icon: {fileID: 0}
  m_NavMeshLayer: 0
  m_StaticEditorFlags: 0
  m_IsActive: 1
--- !u!4 &5069058431806563627
Transform:
  m_ObjectHideFlags: 0
  m_CorrespondingSourceObject: {fileID: 0}
  m_PrefabInstance: {fileID: 0}
  m_PrefabAsset: {fileID: 0}
  m_GameObject: {fileID: 7761439415094466189}
  m_LocalRotation: {x: 0, y: 0, z: 0, w: 1}
  m_LocalPosition: {x: 2.0217967, y: 13.224981, z: -21.770357}
  m_LocalScale: {x: 1, y: 1, z: 1}
  m_Children:
  - {fileID: 5872393859266742058}
  m_Father: {fileID: 0}
  m_RootOrder: 0
  m_LocalEulerAnglesHint: {x: 0, y: 0, z: 0}
--- !u!114 &4542904427123098963
MonoBehaviour:
  m_ObjectHideFlags: 0
  m_CorrespondingSourceObject: {fileID: 0}
  m_PrefabInstance: {fileID: 0}
  m_PrefabAsset: {fileID: 0}
  m_GameObject: {fileID: 7761439415094466189}
  m_Enabled: 1
  m_EditorHideFlags: 0
  m_Script: {fileID: 11500000, guid: 38dacf750842c4c4c896842302a7fc48, type: 3}
  m_Name: 
  m_EditorClassIdentifier: 
--- !u!54 &-8167596518294466910
Rigidbody:
  m_ObjectHideFlags: 0
  m_CorrespondingSourceObject: {fileID: 0}
  m_PrefabInstance: {fileID: 0}
  m_PrefabAsset: {fileID: 0}
  m_GameObject: {fileID: 7761439415094466189}
  serializedVersion: 2
  m_Mass: 1000
  m_Drag: 15
  m_AngularDrag: 0.05
  m_UseGravity: 1
  m_IsKinematic: 0
  m_Interpolate: 0
  m_Constraints: 0
  m_CollisionDetection: 0
--- !u!1001 &6265727983915032769
PrefabInstance:
  m_ObjectHideFlags: 0
  serializedVersion: 2
  m_Modification:
    m_TransformParent: {fileID: 5069058431806563627}
    m_Modifications:
    - target: {fileID: -8679921383154817045, guid: 6c31e948c3599664b92a20d432b74bad,
        type: 3}
      propertyPath: m_RootOrder
      value: 0
      objectReference: {fileID: 0}
    - target: {fileID: -8679921383154817045, guid: 6c31e948c3599664b92a20d432b74bad,
        type: 3}
      propertyPath: m_LocalPosition.x
      value: 0
      objectReference: {fileID: 0}
    - target: {fileID: -8679921383154817045, guid: 6c31e948c3599664b92a20d432b74bad,
        type: 3}
      propertyPath: m_LocalPosition.y
      value: 0
      objectReference: {fileID: 0}
    - target: {fileID: -8679921383154817045, guid: 6c31e948c3599664b92a20d432b74bad,
        type: 3}
      propertyPath: m_LocalPosition.z
      value: 0
      objectReference: {fileID: 0}
    - target: {fileID: -8679921383154817045, guid: 6c31e948c3599664b92a20d432b74bad,
        type: 3}
      propertyPath: m_LocalRotation.w
      value: 1
      objectReference: {fileID: 0}
    - target: {fileID: -8679921383154817045, guid: 6c31e948c3599664b92a20d432b74bad,
        type: 3}
      propertyPath: m_LocalRotation.x
      value: 0
      objectReference: {fileID: 0}
    - target: {fileID: -8679921383154817045, guid: 6c31e948c3599664b92a20d432b74bad,
        type: 3}
      propertyPath: m_LocalRotation.y
      value: 0
      objectReference: {fileID: 0}
    - target: {fileID: -8679921383154817045, guid: 6c31e948c3599664b92a20d432b74bad,
        type: 3}
      propertyPath: m_LocalRotation.z
      value: 0
      objectReference: {fileID: 0}
    - target: {fileID: -8679921383154817045, guid: 6c31e948c3599664b92a20d432b74bad,
        type: 3}
      propertyPath: m_LocalEulerAnglesHint.x
      value: 0
      objectReference: {fileID: 0}
    - target: {fileID: -8679921383154817045, guid: 6c31e948c3599664b92a20d432b74bad,
        type: 3}
      propertyPath: m_LocalEulerAnglesHint.y
      value: 0
      objectReference: {fileID: 0}
    - target: {fileID: -8679921383154817045, guid: 6c31e948c3599664b92a20d432b74bad,
        type: 3}
      propertyPath: m_LocalEulerAnglesHint.z
      value: 0
      objectReference: {fileID: 0}
    - target: {fileID: -5363424281805771908, guid: 6c31e948c3599664b92a20d432b74bad,
        type: 3}
      propertyPath: m_Materials.Array.data[0]
      value: 
      objectReference: {fileID: 2100000, guid: 4ec57d3c6068d654a9aa4ac10381b1a8, type: 2}
    - target: {fileID: -4791300549530949414, guid: 6c31e948c3599664b92a20d432b74bad,
        type: 3}
      propertyPath: m_Materials.Array.data[0]
      value: 
      objectReference: {fileID: 2100000, guid: 4ec57d3c6068d654a9aa4ac10381b1a8, type: 2}
    - target: {fileID: -3195828791156449804, guid: 6c31e948c3599664b92a20d432b74bad,
        type: 3}
      propertyPath: m_Materials.Array.data[0]
      value: 
      objectReference: {fileID: 2100000, guid: 4ec57d3c6068d654a9aa4ac10381b1a8, type: 2}
    - target: {fileID: 327064008815436722, guid: 6c31e948c3599664b92a20d432b74bad,
        type: 3}
      propertyPath: m_Materials.Array.data[0]
      value: 
      objectReference: {fileID: 2100000, guid: 4ec57d3c6068d654a9aa4ac10381b1a8, type: 2}
    - target: {fileID: 919132149155446097, guid: 6c31e948c3599664b92a20d432b74bad,
        type: 3}
      propertyPath: m_Name
      value: Framing
      objectReference: {fileID: 0}
    - target: {fileID: 2355982399387309400, guid: 6c31e948c3599664b92a20d432b74bad,
        type: 3}
      propertyPath: m_Materials.Array.data[0]
      value: 
      objectReference: {fileID: 2100000, guid: 4ec57d3c6068d654a9aa4ac10381b1a8, type: 2}
    - target: {fileID: 4321514657177891973, guid: 6c31e948c3599664b92a20d432b74bad,
        type: 3}
      propertyPath: m_Materials.Array.data[0]
      value: 
      objectReference: {fileID: 2100000, guid: 4ec57d3c6068d654a9aa4ac10381b1a8, type: 2}
    - target: {fileID: 8567717000986892130, guid: 6c31e948c3599664b92a20d432b74bad,
        type: 3}
      propertyPath: m_Materials.Array.data[0]
      value: 
      objectReference: {fileID: 2100000, guid: 4ec57d3c6068d654a9aa4ac10381b1a8, type: 2}
    m_RemovedComponents: []
  m_SourcePrefab: {fileID: 100100000, guid: 6c31e948c3599664b92a20d432b74bad, type: 3}
--- !u!1 &6500171690519551376 stripped
GameObject:
  m_CorrespondingSourceObject: {fileID: 919132149155446097, guid: 6c31e948c3599664b92a20d432b74bad,
    type: 3}
  m_PrefabInstance: {fileID: 6265727983915032769}
  m_PrefabAsset: {fileID: 0}
--- !u!4 &5872393859266742058 stripped
Transform:
  m_CorrespondingSourceObject: {fileID: -8679921383154817045, guid: 6c31e948c3599664b92a20d432b74bad,
    type: 3}
  m_PrefabInstance: {fileID: 6265727983915032769}
  m_PrefabAsset: {fileID: 0}
