%YAML 1.1
%TAG !u! tag:unity3d.com,2011:
--- !u!1 &1367671765895370706
GameObject:
  m_ObjectHideFlags: 0
  m_CorrespondingSourceObject: {fileID: 0}
  m_PrefabInstance: {fileID: 0}
  m_PrefabAsset: {fileID: 0}
  serializedVersion: 6
  m_Component:
  - component: {fileID: 5749121142461512746}
  - component: {fileID: 2379931831994760041}
  - component: {fileID: 6420633781681202643}
  m_Layer: 0
  m_Name: fantasy_tree01
  m_TagString: Untagged
  m_Icon: {fileID: 0}
  m_NavMeshLayer: 0
  m_StaticEditorFlags: 0
  m_IsActive: 1
--- !u!4 &5749121142461512746
Transform:
  m_ObjectHideFlags: 0
  m_CorrespondingSourceObject: {fileID: 0}
  m_PrefabInstance: {fileID: 0}
  m_PrefabAsset: {fileID: 0}
  m_GameObject: {fileID: 1367671765895370706}
  m_LocalRotation: {x: 0, y: 0, z: 0, w: 1}
  m_LocalPosition: {x: -0, y: 0, z: 0}
  m_LocalScale: {x: 0.22279984, y: 0.22279984, z: 0.22279984}
  m_Children:
  - {fileID: 7955787308876428680}
  - {fileID: 931527668517551057}
  m_Father: {fileID: 0}
  m_RootOrder: 0
  m_LocalEulerAnglesHint: {x: 0, y: 0, z: 0}
--- !u!114 &2379931831994760041
MonoBehaviour:
  m_ObjectHideFlags: 0
  m_CorrespondingSourceObject: {fileID: 0}
  m_PrefabInstance: {fileID: 0}
  m_PrefabAsset: {fileID: 0}
  m_GameObject: {fileID: 1367671765895370706}
  m_Enabled: 1
  m_EditorHideFlags: 0
  m_Script: {fileID: 11500000, guid: 846667a6dc2590b4885b3787efc43dd6, type: 3}
  m_Name: 
  m_EditorClassIdentifier: 
  NormalBuilding: {fileID: 3700458500069957232}
  DestroyedBuilding: {fileID: 2195256625584498530}
  Destroyed: 0
--- !u!136 &6420633781681202643
CapsuleCollider:
  m_ObjectHideFlags: 0
  m_CorrespondingSourceObject: {fileID: 0}
  m_PrefabInstance: {fileID: 0}
  m_PrefabAsset: {fileID: 0}
  m_GameObject: {fileID: 1367671765895370706}
  m_Material: {fileID: 0}
  m_IsTrigger: 0
  m_Enabled: 1
  m_Radius: 1.25
  m_Height: 17
  m_Direction: 1
  m_Center: {x: 0, y: 8, z: 0}
--- !u!1001 &1814883409880381062
PrefabInstance:
  m_ObjectHideFlags: 0
  serializedVersion: 2
  m_Modification:
    m_TransformParent: {fileID: 5749121142461512746}
    m_Modifications:
    - target: {fileID: 3059467787036911862, guid: 672b5b8347ccd3a47909508e4f199461,
        type: 3}
      propertyPath: m_Name
      value: Tree_G
      objectReference: {fileID: 0}
    - target: {fileID: 8594944789941093134, guid: 672b5b8347ccd3a47909508e4f199461,
        type: 3}
      propertyPath: m_RootOrder
      value: 0
      objectReference: {fileID: 0}
    - target: {fileID: 8594944789941093134, guid: 672b5b8347ccd3a47909508e4f199461,
        type: 3}
      propertyPath: m_LocalPosition.x
      value: 0
      objectReference: {fileID: 0}
    - target: {fileID: 8594944789941093134, guid: 672b5b8347ccd3a47909508e4f199461,
        type: 3}
      propertyPath: m_LocalPosition.y
      value: 0
      objectReference: {fileID: 0}
    - target: {fileID: 8594944789941093134, guid: 672b5b8347ccd3a47909508e4f199461,
        type: 3}
      propertyPath: m_LocalPosition.z
      value: 0
      objectReference: {fileID: 0}
    - target: {fileID: 8594944789941093134, guid: 672b5b8347ccd3a47909508e4f199461,
        type: 3}
      propertyPath: m_LocalRotation.w
      value: 1
      objectReference: {fileID: 0}
    - target: {fileID: 8594944789941093134, guid: 672b5b8347ccd3a47909508e4f199461,
        type: 3}
      propertyPath: m_LocalRotation.x
      value: 0
      objectReference: {fileID: 0}
    - target: {fileID: 8594944789941093134, guid: 672b5b8347ccd3a47909508e4f199461,
        type: 3}
      propertyPath: m_LocalRotation.y
      value: 0
      objectReference: {fileID: 0}
    - target: {fileID: 8594944789941093134, guid: 672b5b8347ccd3a47909508e4f199461,
        type: 3}
      propertyPath: m_LocalRotation.z
      value: 0
      objectReference: {fileID: 0}
    - target: {fileID: 8594944789941093134, guid: 672b5b8347ccd3a47909508e4f199461,
        type: 3}
      propertyPath: m_LocalEulerAnglesHint.x
      value: 0
      objectReference: {fileID: 0}
    - target: {fileID: 8594944789941093134, guid: 672b5b8347ccd3a47909508e4f199461,
        type: 3}
      propertyPath: m_LocalEulerAnglesHint.y
      value: 0
      objectReference: {fileID: 0}
    - target: {fileID: 8594944789941093134, guid: 672b5b8347ccd3a47909508e4f199461,
        type: 3}
      propertyPath: m_LocalEulerAnglesHint.z
      value: 0
      objectReference: {fileID: 0}
    m_RemovedComponents: []
  m_SourcePrefab: {fileID: 100100000, guid: 672b5b8347ccd3a47909508e4f199461, type: 3}
--- !u!1 &3700458500069957232 stripped
GameObject:
  m_CorrespondingSourceObject: {fileID: 3059467787036911862, guid: 672b5b8347ccd3a47909508e4f199461,
    type: 3}
  m_PrefabInstance: {fileID: 1814883409880381062}
  m_PrefabAsset: {fileID: 0}
--- !u!4 &7955787308876428680 stripped
Transform:
  m_CorrespondingSourceObject: {fileID: 8594944789941093134, guid: 672b5b8347ccd3a47909508e4f199461,
    type: 3}
  m_PrefabInstance: {fileID: 1814883409880381062}
  m_PrefabAsset: {fileID: 0}
--- !u!1001 &6066188845644838551
PrefabInstance:
  m_ObjectHideFlags: 0
  serializedVersion: 2
  m_Modification:
    m_TransformParent: {fileID: 5749121142461512746}
    m_Modifications:
    - target: {fileID: 5357155831581348341, guid: a5861c8fa8bf1a54fa3bfed1ca6e0f83,
        type: 3}
      propertyPath: m_Name
      value: Tree_G (1)
      objectReference: {fileID: 0}
    - target: {fileID: 6395707302308433222, guid: a5861c8fa8bf1a54fa3bfed1ca6e0f83,
        type: 3}
      propertyPath: m_RootOrder
      value: 1
      objectReference: {fileID: 0}
    - target: {fileID: 6395707302308433222, guid: a5861c8fa8bf1a54fa3bfed1ca6e0f83,
        type: 3}
      propertyPath: m_LocalPosition.x
      value: 0
      objectReference: {fileID: 0}
    - target: {fileID: 6395707302308433222, guid: a5861c8fa8bf1a54fa3bfed1ca6e0f83,
        type: 3}
      propertyPath: m_LocalPosition.y
      value: 0
      objectReference: {fileID: 0}
    - target: {fileID: 6395707302308433222, guid: a5861c8fa8bf1a54fa3bfed1ca6e0f83,
        type: 3}
      propertyPath: m_LocalPosition.z
      value: 0
      objectReference: {fileID: 0}
    - target: {fileID: 6395707302308433222, guid: a5861c8fa8bf1a54fa3bfed1ca6e0f83,
        type: 3}
      propertyPath: m_LocalRotation.w
      value: 1
      objectReference: {fileID: 0}
    - target: {fileID: 6395707302308433222, guid: a5861c8fa8bf1a54fa3bfed1ca6e0f83,
        type: 3}
      propertyPath: m_LocalRotation.x
      value: 0
      objectReference: {fileID: 0}
    - target: {fileID: 6395707302308433222, guid: a5861c8fa8bf1a54fa3bfed1ca6e0f83,
        type: 3}
      propertyPath: m_LocalRotation.y
      value: 0
      objectReference: {fileID: 0}
    - target: {fileID: 6395707302308433222, guid: a5861c8fa8bf1a54fa3bfed1ca6e0f83,
        type: 3}
      propertyPath: m_LocalRotation.z
      value: 0
      objectReference: {fileID: 0}
    - target: {fileID: 6395707302308433222, guid: a5861c8fa8bf1a54fa3bfed1ca6e0f83,
        type: 3}
      propertyPath: m_LocalEulerAnglesHint.x
      value: 0
      objectReference: {fileID: 0}
    - target: {fileID: 6395707302308433222, guid: a5861c8fa8bf1a54fa3bfed1ca6e0f83,
        type: 3}
      propertyPath: m_LocalEulerAnglesHint.y
      value: 0
      objectReference: {fileID: 0}
    - target: {fileID: 6395707302308433222, guid: a5861c8fa8bf1a54fa3bfed1ca6e0f83,
        type: 3}
      propertyPath: m_LocalEulerAnglesHint.z
      value: 0
      objectReference: {fileID: 0}
    m_RemovedComponents: []
  m_SourcePrefab: {fileID: 100100000, guid: a5861c8fa8bf1a54fa3bfed1ca6e0f83, type: 3}
--- !u!1 &2195256625584498530 stripped
GameObject:
  m_CorrespondingSourceObject: {fileID: 5357155831581348341, guid: a5861c8fa8bf1a54fa3bfed1ca6e0f83,
    type: 3}
  m_PrefabInstance: {fileID: 6066188845644838551}
  m_PrefabAsset: {fileID: 0}
--- !u!4 &931527668517551057 stripped
Transform:
  m_CorrespondingSourceObject: {fileID: 6395707302308433222, guid: a5861c8fa8bf1a54fa3bfed1ca6e0f83,
    type: 3}
  m_PrefabInstance: {fileID: 6066188845644838551}
  m_PrefabAsset: {fileID: 0}
