%YAML 1.1
%TAG !u! tag:unity3d.com,2011:
--- !u!1 &1039467287516319284
GameObject:
  m_ObjectHideFlags: 0
  m_CorrespondingSourceObject: {fileID: 0}
  m_PrefabInstance: {fileID: 0}
  m_PrefabAsset: {fileID: 0}
  serializedVersion: 6
  m_Component:
  - component: {fileID: 7727278545845740097}
  - component: {fileID: 2220026714798624508}
  - component: {fileID: -4334676150461630859}
  m_Layer: 0
  m_Name: fat_tree01
  m_TagString: Untagged
  m_Icon: {fileID: 0}
  m_NavMeshLayer: 0
  m_StaticEditorFlags: 0
  m_IsActive: 1
--- !u!4 &7727278545845740097
Transform:
  m_ObjectHideFlags: 0
  m_CorrespondingSourceObject: {fileID: 0}
  m_PrefabInstance: {fileID: 0}
  m_PrefabAsset: {fileID: 0}
  m_GameObject: {fileID: 1039467287516319284}
  m_LocalRotation: {x: 0, y: 0, z: 0, w: 1}
  m_LocalPosition: {x: -0, y: 0, z: 0}
  m_LocalScale: {x: 0.25995892, y: 0.25995892, z: 0.25995892}
  m_Children:
  - {fileID: 2136698416189890987}
  - {fileID: 7698258053528243252}
  m_Father: {fileID: 0}
  m_RootOrder: 0
  m_LocalEulerAnglesHint: {x: 0, y: 0, z: 0}
--- !u!114 &2220026714798624508
MonoBehaviour:
  m_ObjectHideFlags: 0
  m_CorrespondingSourceObject: {fileID: 0}
  m_PrefabInstance: {fileID: 0}
  m_PrefabAsset: {fileID: 0}
  m_GameObject: {fileID: 1039467287516319284}
  m_Enabled: 1
  m_EditorHideFlags: 0
  m_Script: {fileID: 11500000, guid: 846667a6dc2590b4885b3787efc43dd6, type: 3}
  m_Name: 
  m_EditorClassIdentifier: 
  NormalBuilding: {fileID: 8716489460819037662}
  DestroyedBuilding: {fileID: 6082960225263602986}
  Destroyed: 0
--- !u!136 &-4334676150461630859
CapsuleCollider:
  m_ObjectHideFlags: 0
  m_CorrespondingSourceObject: {fileID: 0}
  m_PrefabInstance: {fileID: 0}
  m_PrefabAsset: {fileID: 0}
  m_GameObject: {fileID: 1039467287516319284}
  m_Material: {fileID: 0}
  m_IsTrigger: 0
  m_Enabled: 1
  m_Radius: 3
  m_Height: 15
  m_Direction: 1
  m_Center: {x: 0, y: 7, z: 0}
--- !u!1001 &4371674641376104667
PrefabInstance:
  m_ObjectHideFlags: 0
  serializedVersion: 2
  m_Modification:
    m_TransformParent: {fileID: 7727278545845740097}
    m_Modifications:
    - target: {fileID: 6232693833794657519, guid: 4457beeb5f1ced147b048af41e6e639c,
        type: 3}
      propertyPath: m_RootOrder
      value: 1
      objectReference: {fileID: 0}
    - target: {fileID: 6232693833794657519, guid: 4457beeb5f1ced147b048af41e6e639c,
        type: 3}
      propertyPath: m_LocalPosition.x
      value: 0
      objectReference: {fileID: 0}
    - target: {fileID: 6232693833794657519, guid: 4457beeb5f1ced147b048af41e6e639c,
        type: 3}
      propertyPath: m_LocalPosition.y
      value: 0
      objectReference: {fileID: 0}
    - target: {fileID: 6232693833794657519, guid: 4457beeb5f1ced147b048af41e6e639c,
        type: 3}
      propertyPath: m_LocalPosition.z
      value: 0
      objectReference: {fileID: 0}
    - target: {fileID: 6232693833794657519, guid: 4457beeb5f1ced147b048af41e6e639c,
        type: 3}
      propertyPath: m_LocalRotation.w
      value: 1
      objectReference: {fileID: 0}
    - target: {fileID: 6232693833794657519, guid: 4457beeb5f1ced147b048af41e6e639c,
        type: 3}
      propertyPath: m_LocalRotation.x
      value: 0
      objectReference: {fileID: 0}
    - target: {fileID: 6232693833794657519, guid: 4457beeb5f1ced147b048af41e6e639c,
        type: 3}
      propertyPath: m_LocalRotation.y
      value: 0
      objectReference: {fileID: 0}
    - target: {fileID: 6232693833794657519, guid: 4457beeb5f1ced147b048af41e6e639c,
        type: 3}
      propertyPath: m_LocalRotation.z
      value: 0
      objectReference: {fileID: 0}
    - target: {fileID: 6232693833794657519, guid: 4457beeb5f1ced147b048af41e6e639c,
        type: 3}
      propertyPath: m_LocalEulerAnglesHint.x
      value: 0
      objectReference: {fileID: 0}
    - target: {fileID: 6232693833794657519, guid: 4457beeb5f1ced147b048af41e6e639c,
        type: 3}
      propertyPath: m_LocalEulerAnglesHint.y
      value: 0
      objectReference: {fileID: 0}
    - target: {fileID: 6232693833794657519, guid: 4457beeb5f1ced147b048af41e6e639c,
        type: 3}
      propertyPath: m_LocalEulerAnglesHint.z
      value: 0
      objectReference: {fileID: 0}
    - target: {fileID: 7548115387463015921, guid: 4457beeb5f1ced147b048af41e6e639c,
        type: 3}
      propertyPath: m_Name
      value: Tree_H (1)
      objectReference: {fileID: 0}
    m_RemovedComponents: []
  m_SourcePrefab: {fileID: 100100000, guid: 4457beeb5f1ced147b048af41e6e639c, type: 3}
--- !u!1 &6082960225263602986 stripped
GameObject:
  m_CorrespondingSourceObject: {fileID: 7548115387463015921, guid: 4457beeb5f1ced147b048af41e6e639c,
    type: 3}
  m_PrefabInstance: {fileID: 4371674641376104667}
  m_PrefabAsset: {fileID: 0}
--- !u!4 &7698258053528243252 stripped
Transform:
  m_CorrespondingSourceObject: {fileID: 6232693833794657519, guid: 4457beeb5f1ced147b048af41e6e639c,
    type: 3}
  m_PrefabInstance: {fileID: 4371674641376104667}
  m_PrefabAsset: {fileID: 0}
--- !u!1001 &5978696918923760971
PrefabInstance:
  m_ObjectHideFlags: 0
  serializedVersion: 2
  m_Modification:
    m_TransformParent: {fileID: 7727278545845740097}
    m_Modifications:
    - target: {fileID: 3030827786280523925, guid: eeb6cf20c4d33ac43b258bf41235ed01,
        type: 3}
      propertyPath: m_Name
      value: Tree_H
      objectReference: {fileID: 0}
    - target: {fileID: 5719442644741862624, guid: eeb6cf20c4d33ac43b258bf41235ed01,
        type: 3}
      propertyPath: m_RootOrder
      value: 0
      objectReference: {fileID: 0}
    - target: {fileID: 5719442644741862624, guid: eeb6cf20c4d33ac43b258bf41235ed01,
        type: 3}
      propertyPath: m_LocalPosition.x
      value: 0
      objectReference: {fileID: 0}
    - target: {fileID: 5719442644741862624, guid: eeb6cf20c4d33ac43b258bf41235ed01,
        type: 3}
      propertyPath: m_LocalPosition.y
      value: 0
      objectReference: {fileID: 0}
    - target: {fileID: 5719442644741862624, guid: eeb6cf20c4d33ac43b258bf41235ed01,
        type: 3}
      propertyPath: m_LocalPosition.z
      value: 0
      objectReference: {fileID: 0}
    - target: {fileID: 5719442644741862624, guid: eeb6cf20c4d33ac43b258bf41235ed01,
        type: 3}
      propertyPath: m_LocalRotation.w
      value: 1
      objectReference: {fileID: 0}
    - target: {fileID: 5719442644741862624, guid: eeb6cf20c4d33ac43b258bf41235ed01,
        type: 3}
      propertyPath: m_LocalRotation.x
      value: 0
      objectReference: {fileID: 0}
    - target: {fileID: 5719442644741862624, guid: eeb6cf20c4d33ac43b258bf41235ed01,
        type: 3}
      propertyPath: m_LocalRotation.y
      value: 0
      objectReference: {fileID: 0}
    - target: {fileID: 5719442644741862624, guid: eeb6cf20c4d33ac43b258bf41235ed01,
        type: 3}
      propertyPath: m_LocalRotation.z
      value: 0
      objectReference: {fileID: 0}
    - target: {fileID: 5719442644741862624, guid: eeb6cf20c4d33ac43b258bf41235ed01,
        type: 3}
      propertyPath: m_LocalEulerAnglesHint.x
      value: 0
      objectReference: {fileID: 0}
    - target: {fileID: 5719442644741862624, guid: eeb6cf20c4d33ac43b258bf41235ed01,
        type: 3}
      propertyPath: m_LocalEulerAnglesHint.y
      value: 0
      objectReference: {fileID: 0}
    - target: {fileID: 5719442644741862624, guid: eeb6cf20c4d33ac43b258bf41235ed01,
        type: 3}
      propertyPath: m_LocalEulerAnglesHint.z
      value: 0
      objectReference: {fileID: 0}
    m_RemovedComponents: []
  m_SourcePrefab: {fileID: 100100000, guid: eeb6cf20c4d33ac43b258bf41235ed01, type: 3}
--- !u!1 &8716489460819037662 stripped
GameObject:
  m_CorrespondingSourceObject: {fileID: 3030827786280523925, guid: eeb6cf20c4d33ac43b258bf41235ed01,
    type: 3}
  m_PrefabInstance: {fileID: 5978696918923760971}
  m_PrefabAsset: {fileID: 0}
--- !u!4 &2136698416189890987 stripped
Transform:
  m_CorrespondingSourceObject: {fileID: 5719442644741862624, guid: eeb6cf20c4d33ac43b258bf41235ed01,
    type: 3}
  m_PrefabInstance: {fileID: 5978696918923760971}
  m_PrefabAsset: {fileID: 0}
