%YAML 1.1
%TAG !u! tag:unity3d.com,2011:
--- !u!1 &3971245918491108091
GameObject:
  m_ObjectHideFlags: 0
  m_CorrespondingSourceObject: {fileID: 0}
  m_PrefabInstance: {fileID: 0}
  m_PrefabAsset: {fileID: 0}
  serializedVersion: 6
  m_Component:
  - component: {fileID: 2965016072594025147}
  - component: {fileID: 3857275085707840974}
  - component: {fileID: 4322410003577612303}
  m_Layer: 0
  m_Name: G_tree01
  m_TagString: Untagged
  m_Icon: {fileID: 0}
  m_NavMeshLayer: 0
  m_StaticEditorFlags: 0
  m_IsActive: 1
--- !u!4 &2965016072594025147
Transform:
  m_ObjectHideFlags: 0
  m_CorrespondingSourceObject: {fileID: 0}
  m_PrefabInstance: {fileID: 0}
  m_PrefabAsset: {fileID: 0}
  m_GameObject: {fileID: 3971245918491108091}
  m_LocalRotation: {x: 0, y: 0, z: 0, w: 1}
  m_LocalPosition: {x: -0, y: 0, z: 0}
  m_LocalScale: {x: 0.198, y: 0.198, z: 0.198}
  m_Children:
  - {fileID: 3628858919339538745}
  - {fileID: 8967110047637251800}
  m_Father: {fileID: 0}
  m_RootOrder: 0
  m_LocalEulerAnglesHint: {x: 0, y: 0, z: 0}
--- !u!114 &3857275085707840974
MonoBehaviour:
  m_ObjectHideFlags: 0
  m_CorrespondingSourceObject: {fileID: 0}
  m_PrefabInstance: {fileID: 0}
  m_PrefabAsset: {fileID: 0}
  m_GameObject: {fileID: 3971245918491108091}
  m_Enabled: 1
  m_EditorHideFlags: 0
  m_Script: {fileID: 11500000, guid: 846667a6dc2590b4885b3787efc43dd6, type: 3}
  m_Name: 
  m_EditorClassIdentifier: 
  NormalBuilding: {fileID: 3199001052126261625}
  DestroyedBuilding: {fileID: 1117665843893584779}
  Destroyed: 0
--- !u!136 &4322410003577612303
CapsuleCollider:
  m_ObjectHideFlags: 0
  m_CorrespondingSourceObject: {fileID: 0}
  m_PrefabInstance: {fileID: 0}
  m_PrefabAsset: {fileID: 0}
  m_GameObject: {fileID: 3971245918491108091}
  m_Material: {fileID: 0}
  m_IsTrigger: 0
  m_Enabled: 1
  m_Radius: 1
  m_Height: 16
  m_Direction: 1
  m_Center: {x: 0, y: 8, z: 0}
--- !u!1001 &770891384262816152
PrefabInstance:
  m_ObjectHideFlags: 0
  serializedVersion: 2
  m_Modification:
    m_TransformParent: {fileID: 2965016072594025147}
    m_Modifications:
    - target: {fileID: 2798955433626353889, guid: 155bd28e0b4321443b2c913c8afc521a,
        type: 3}
      propertyPath: m_Name
      value: Tree_I
      objectReference: {fileID: 0}
    - target: {fileID: 4102368407257172129, guid: 155bd28e0b4321443b2c913c8afc521a,
        type: 3}
      propertyPath: m_RootOrder
      value: 0
      objectReference: {fileID: 0}
    - target: {fileID: 4102368407257172129, guid: 155bd28e0b4321443b2c913c8afc521a,
        type: 3}
      propertyPath: m_LocalPosition.x
      value: 0
      objectReference: {fileID: 0}
    - target: {fileID: 4102368407257172129, guid: 155bd28e0b4321443b2c913c8afc521a,
        type: 3}
      propertyPath: m_LocalPosition.y
      value: 0
      objectReference: {fileID: 0}
    - target: {fileID: 4102368407257172129, guid: 155bd28e0b4321443b2c913c8afc521a,
        type: 3}
      propertyPath: m_LocalPosition.z
      value: 0
      objectReference: {fileID: 0}
    - target: {fileID: 4102368407257172129, guid: 155bd28e0b4321443b2c913c8afc521a,
        type: 3}
      propertyPath: m_LocalRotation.w
      value: 1
      objectReference: {fileID: 0}
    - target: {fileID: 4102368407257172129, guid: 155bd28e0b4321443b2c913c8afc521a,
        type: 3}
      propertyPath: m_LocalRotation.x
      value: 0
      objectReference: {fileID: 0}
    - target: {fileID: 4102368407257172129, guid: 155bd28e0b4321443b2c913c8afc521a,
        type: 3}
      propertyPath: m_LocalRotation.y
      value: 0
      objectReference: {fileID: 0}
    - target: {fileID: 4102368407257172129, guid: 155bd28e0b4321443b2c913c8afc521a,
        type: 3}
      propertyPath: m_LocalRotation.z
      value: 0
      objectReference: {fileID: 0}
    - target: {fileID: 4102368407257172129, guid: 155bd28e0b4321443b2c913c8afc521a,
        type: 3}
      propertyPath: m_LocalEulerAnglesHint.x
      value: 0
      objectReference: {fileID: 0}
    - target: {fileID: 4102368407257172129, guid: 155bd28e0b4321443b2c913c8afc521a,
        type: 3}
      propertyPath: m_LocalEulerAnglesHint.y
      value: 0
      objectReference: {fileID: 0}
    - target: {fileID: 4102368407257172129, guid: 155bd28e0b4321443b2c913c8afc521a,
        type: 3}
      propertyPath: m_LocalEulerAnglesHint.z
      value: 0
      objectReference: {fileID: 0}
    m_RemovedComponents: []
  m_SourcePrefab: {fileID: 100100000, guid: 155bd28e0b4321443b2c913c8afc521a, type: 3}
--- !u!1 &3199001052126261625 stripped
GameObject:
  m_CorrespondingSourceObject: {fileID: 2798955433626353889, guid: 155bd28e0b4321443b2c913c8afc521a,
    type: 3}
  m_PrefabInstance: {fileID: 770891384262816152}
  m_PrefabAsset: {fileID: 0}
--- !u!4 &3628858919339538745 stripped
Transform:
  m_CorrespondingSourceObject: {fileID: 4102368407257172129, guid: 155bd28e0b4321443b2c913c8afc521a,
    type: 3}
  m_PrefabInstance: {fileID: 770891384262816152}
  m_PrefabAsset: {fileID: 0}
--- !u!1001 &2099358533837462318
PrefabInstance:
  m_ObjectHideFlags: 0
  serializedVersion: 2
  m_Modification:
    m_TransformParent: {fileID: 2965016072594025147}
    m_Modifications:
    - target: {fileID: 1342306195109337253, guid: 0535b655a2b39e240ad266d71d62cbe5,
        type: 3}
      propertyPath: m_Name
      value: Tree_I (1)
      objectReference: {fileID: 0}
    - target: {fileID: 7013222147402251766, guid: 0535b655a2b39e240ad266d71d62cbe5,
        type: 3}
      propertyPath: m_RootOrder
      value: 1
      objectReference: {fileID: 0}
    - target: {fileID: 7013222147402251766, guid: 0535b655a2b39e240ad266d71d62cbe5,
        type: 3}
      propertyPath: m_LocalPosition.x
      value: 0
      objectReference: {fileID: 0}
    - target: {fileID: 7013222147402251766, guid: 0535b655a2b39e240ad266d71d62cbe5,
        type: 3}
      propertyPath: m_LocalPosition.y
      value: 0
      objectReference: {fileID: 0}
    - target: {fileID: 7013222147402251766, guid: 0535b655a2b39e240ad266d71d62cbe5,
        type: 3}
      propertyPath: m_LocalPosition.z
      value: 0
      objectReference: {fileID: 0}
    - target: {fileID: 7013222147402251766, guid: 0535b655a2b39e240ad266d71d62cbe5,
        type: 3}
      propertyPath: m_LocalRotation.w
      value: 1
      objectReference: {fileID: 0}
    - target: {fileID: 7013222147402251766, guid: 0535b655a2b39e240ad266d71d62cbe5,
        type: 3}
      propertyPath: m_LocalRotation.x
      value: 0
      objectReference: {fileID: 0}
    - target: {fileID: 7013222147402251766, guid: 0535b655a2b39e240ad266d71d62cbe5,
        type: 3}
      propertyPath: m_LocalRotation.y
      value: 0
      objectReference: {fileID: 0}
    - target: {fileID: 7013222147402251766, guid: 0535b655a2b39e240ad266d71d62cbe5,
        type: 3}
      propertyPath: m_LocalRotation.z
      value: 0
      objectReference: {fileID: 0}
    - target: {fileID: 7013222147402251766, guid: 0535b655a2b39e240ad266d71d62cbe5,
        type: 3}
      propertyPath: m_LocalEulerAnglesHint.x
      value: 0
      objectReference: {fileID: 0}
    - target: {fileID: 7013222147402251766, guid: 0535b655a2b39e240ad266d71d62cbe5,
        type: 3}
      propertyPath: m_LocalEulerAnglesHint.y
      value: 0
      objectReference: {fileID: 0}
    - target: {fileID: 7013222147402251766, guid: 0535b655a2b39e240ad266d71d62cbe5,
        type: 3}
      propertyPath: m_LocalEulerAnglesHint.z
      value: 0
      objectReference: {fileID: 0}
    m_RemovedComponents: []
  m_SourcePrefab: {fileID: 100100000, guid: 0535b655a2b39e240ad266d71d62cbe5, type: 3}
--- !u!1 &1117665843893584779 stripped
GameObject:
  m_CorrespondingSourceObject: {fileID: 1342306195109337253, guid: 0535b655a2b39e240ad266d71d62cbe5,
    type: 3}
  m_PrefabInstance: {fileID: 2099358533837462318}
  m_PrefabAsset: {fileID: 0}
--- !u!4 &8967110047637251800 stripped
Transform:
  m_CorrespondingSourceObject: {fileID: 7013222147402251766, guid: 0535b655a2b39e240ad266d71d62cbe5,
    type: 3}
  m_PrefabInstance: {fileID: 2099358533837462318}
  m_PrefabAsset: {fileID: 0}
