%YAML 1.1
%TAG !u! tag:unity3d.com,2011:
--- !u!1 &6724311919407564957
GameObject:
  m_ObjectHideFlags: 0
  m_CorrespondingSourceObject: {fileID: 0}
  m_PrefabInstance: {fileID: 0}
  m_PrefabAsset: {fileID: 0}
  serializedVersion: 6
  m_Component:
  - component: {fileID: 674884008025474072}
  - component: {fileID: 6152489265492687717}
  - component: {fileID: 6980243931248992708}
  - component: {fileID: 8189715174080979895}
  - component: {fileID: 3239839239569529209}
  m_Layer: 0
  m_Name: Large Display
  m_TagString: Untagged
  m_Icon: {fileID: 0}
  m_NavMeshLayer: 0
  m_StaticEditorFlags: 4294967295
  m_IsActive: 1
--- !u!4 &674884008025474072
Transform:
  m_ObjectHideFlags: 0
  m_CorrespondingSourceObject: {fileID: 0}
  m_PrefabInstance: {fileID: 0}
  m_PrefabAsset: {fileID: 0}
  m_GameObject: {fileID: 6724311919407564957}
  m_LocalRotation: {x: 0, y: 0, z: 0, w: 1}
  m_LocalPosition: {x: -0, y: 3.328042, z: -6.9790964}
  m_LocalScale: {x: 1, y: 1, z: 1}
  m_Children:
  - {fileID: 8190072053180796420}
  m_Father: {fileID: 0}
  m_RootOrder: 0
  m_LocalEulerAnglesHint: {x: 0, y: 0, z: 0}
--- !u!33 &6152489265492687717
MeshFilter:
  m_ObjectHideFlags: 0
  m_CorrespondingSourceObject: {fileID: 0}
  m_PrefabInstance: {fileID: 0}
  m_PrefabAsset: {fileID: 0}
  m_GameObject: {fileID: 6724311919407564957}
  m_Mesh: {fileID: 7240493346068470835, guid: 83eb83f15dd07da40b5203d7bf574ae0, type: 3}
--- !u!23 &6980243931248992708
MeshRenderer:
  m_ObjectHideFlags: 0
  m_CorrespondingSourceObject: {fileID: 0}
  m_PrefabInstance: {fileID: 0}
  m_PrefabAsset: {fileID: 0}
  m_GameObject: {fileID: 6724311919407564957}
  m_Enabled: 1
  m_CastShadows: 1
  m_ReceiveShadows: 1
  m_DynamicOccludee: 1
  m_MotionVectors: 1
  m_LightProbeUsage: 1
  m_ReflectionProbeUsage: 1
  m_RayTracingMode: 2
  m_RayTraceProcedural: 0
  m_RenderingLayerMask: 1
  m_RendererPriority: 0
  m_Materials:
  - {fileID: 2100000, guid: 00f30c7b448f891458e35ac6ef8a4f9a, type: 2}
  - {fileID: 2100000, guid: fbdd7bb2403fd6541a2c79a31cdbf2d6, type: 2}
  m_StaticBatchInfo:
    firstSubMesh: 0
    subMeshCount: 0
  m_StaticBatchRoot: {fileID: 0}
  m_ProbeAnchor: {fileID: 0}
  m_LightProbeVolumeOverride: {fileID: 0}
  m_ScaleInLightmap: 1
  m_ReceiveGI: 1
  m_PreserveUVs: 0
  m_IgnoreNormalsForChartDetection: 0
  m_ImportantGI: 0
  m_StitchLightmapSeams: 1
  m_SelectedEditorRenderState: 3
  m_MinimumChartSize: 4
  m_AutoUVMaxDistance: 0.5
  m_AutoUVMaxAngle: 89
  m_LightmapParameters: {fileID: 0}
  m_SortingLayerID: 0
  m_SortingLayer: 0
  m_SortingOrder: 0
  m_AdditionalVertexStreams: {fileID: 0}
--- !u!64 &8189715174080979895
MeshCollider:
  m_ObjectHideFlags: 0
  m_CorrespondingSourceObject: {fileID: 0}
  m_PrefabInstance: {fileID: 0}
  m_PrefabAsset: {fileID: 0}
  m_GameObject: {fileID: 6724311919407564957}
  m_Material: {fileID: 0}
  m_IsTrigger: 0
  m_Enabled: 1
  serializedVersion: 4
  m_Convex: 0
  m_CookingOptions: 30
  m_Mesh: {fileID: 7240493346068470835, guid: 83eb83f15dd07da40b5203d7bf574ae0, type: 3}
--- !u!114 &3239839239569529209
MonoBehaviour:
  m_ObjectHideFlags: 0
  m_CorrespondingSourceObject: {fileID: 0}
  m_PrefabInstance: {fileID: 0}
  m_PrefabAsset: {fileID: 0}
  m_GameObject: {fileID: 6724311919407564957}
  m_Enabled: 1
  m_EditorHideFlags: 0
  m_Script: {fileID: 11500000, guid: 6b06d6d4fb68c964db91fec3d48f42f5, type: 3}
  m_Name: 
  m_EditorClassIdentifier: 
  TeachDb: {fileID: 0}
--- !u!1001 &8189715173099941264
PrefabInstance:
  m_ObjectHideFlags: 0
  serializedVersion: 2
  m_Modification:
    m_TransformParent: {fileID: 674884008025474072}
    m_Modifications:
    - target: {fileID: 1469133279829300, guid: d704fe1266adf446ebcfa350586e1bc7, type: 3}
      propertyPath: m_Name
      value: WebViewPrefab
      objectReference: {fileID: 0}
    - target: {fileID: 1469133279829300, guid: d704fe1266adf446ebcfa350586e1bc7, type: 3}
      propertyPath: m_IsActive
      value: 1
      objectReference: {fileID: 0}
    - target: {fileID: 4307528708891540, guid: d704fe1266adf446ebcfa350586e1bc7, type: 3}
      propertyPath: m_RootOrder
      value: 0
      objectReference: {fileID: 0}
    - target: {fileID: 4307528708891540, guid: d704fe1266adf446ebcfa350586e1bc7, type: 3}
      propertyPath: m_LocalScale.x
      value: 9.5
      objectReference: {fileID: 0}
    - target: {fileID: 4307528708891540, guid: d704fe1266adf446ebcfa350586e1bc7, type: 3}
      propertyPath: m_LocalScale.y
      value: 4.557999
      objectReference: {fileID: 0}
    - target: {fileID: 4307528708891540, guid: d704fe1266adf446ebcfa350586e1bc7, type: 3}
      propertyPath: m_LocalScale.z
      value: 1
      objectReference: {fileID: 0}
    - target: {fileID: 4307528708891540, guid: d704fe1266adf446ebcfa350586e1bc7, type: 3}
      propertyPath: m_LocalPosition.x
      value: -4.77
      objectReference: {fileID: 0}
    - target: {fileID: 4307528708891540, guid: d704fe1266adf446ebcfa350586e1bc7, type: 3}
      propertyPath: m_LocalPosition.y
      value: 2.3
      objectReference: {fileID: 0}
    - target: {fileID: 4307528708891540, guid: d704fe1266adf446ebcfa350586e1bc7, type: 3}
      propertyPath: m_LocalPosition.z
      value: 0.02
      objectReference: {fileID: 0}
    - target: {fileID: 4307528708891540, guid: d704fe1266adf446ebcfa350586e1bc7, type: 3}
      propertyPath: m_LocalRotation.w
      value: 1
      objectReference: {fileID: 0}
    - target: {fileID: 4307528708891540, guid: d704fe1266adf446ebcfa350586e1bc7, type: 3}
      propertyPath: m_LocalRotation.x
      value: -0
      objectReference: {fileID: 0}
    - target: {fileID: 4307528708891540, guid: d704fe1266adf446ebcfa350586e1bc7, type: 3}
      propertyPath: m_LocalRotation.y
      value: -0
      objectReference: {fileID: 0}
    - target: {fileID: 4307528708891540, guid: d704fe1266adf446ebcfa350586e1bc7, type: 3}
      propertyPath: m_LocalRotation.z
      value: -0
      objectReference: {fileID: 0}
    - target: {fileID: 4307528708891540, guid: d704fe1266adf446ebcfa350586e1bc7, type: 3}
      propertyPath: m_LocalEulerAnglesHint.x
      value: 0
      objectReference: {fileID: 0}
    - target: {fileID: 4307528708891540, guid: d704fe1266adf446ebcfa350586e1bc7, type: 3}
      propertyPath: m_LocalEulerAnglesHint.y
      value: 0
      objectReference: {fileID: 0}
    - target: {fileID: 4307528708891540, guid: d704fe1266adf446ebcfa350586e1bc7, type: 3}
      propertyPath: m_LocalEulerAnglesHint.z
      value: 0
      objectReference: {fileID: 0}
    - target: {fileID: 114949350411584270, guid: d704fe1266adf446ebcfa350586e1bc7,
        type: 3}
      propertyPath: DragMode
      value: 2
      objectReference: {fileID: 0}
    - target: {fileID: 114949350411584270, guid: d704fe1266adf446ebcfa350586e1bc7,
        type: 3}
      propertyPath: InitialUrl
      value: https://galeforce.netlify.app/#
      objectReference: {fileID: 0}
    - target: {fileID: 114949350411584270, guid: d704fe1266adf446ebcfa350586e1bc7,
        type: 3}
      propertyPath: ClickingEnabled
      value: 0
      objectReference: {fileID: 0}
    - target: {fileID: 114949350411584270, guid: d704fe1266adf446ebcfa350586e1bc7,
        type: 3}
      propertyPath: HoveringEnabled
      value: 0
      objectReference: {fileID: 0}
    - target: {fileID: 114949350411584270, guid: d704fe1266adf446ebcfa350586e1bc7,
        type: 3}
      propertyPath: ScrollingEnabled
      value: 0
      objectReference: {fileID: 0}
    - target: {fileID: 114949350411584270, guid: d704fe1266adf446ebcfa350586e1bc7,
        type: 3}
      propertyPath: InitialResolution
      value: 250
      objectReference: {fileID: 0}
    - target: {fileID: 114949350411584270, guid: d704fe1266adf446ebcfa350586e1bc7,
        type: 3}
      propertyPath: LogConsoleMessages
      value: 1
      objectReference: {fileID: 0}
    m_RemovedComponents: []
  m_SourcePrefab: {fileID: 100100000, guid: d704fe1266adf446ebcfa350586e1bc7, type: 3}
--- !u!4 &8190072053180796420 stripped
Transform:
  m_CorrespondingSourceObject: {fileID: 4307528708891540, guid: d704fe1266adf446ebcfa350586e1bc7,
    type: 3}
  m_PrefabInstance: {fileID: 8189715173099941264}
  m_PrefabAsset: {fileID: 0}
