%YAML 1.1
%TAG !u! tag:unity3d.com,2011:
--- !u!1 &4081657022387271859
GameObject:
  m_ObjectHideFlags: 0
  m_CorrespondingSourceObject: {fileID: 0}
  m_PrefabInstance: {fileID: 0}
  m_PrefabAsset: {fileID: 0}
  serializedVersion: 6
  m_Component:
  - component: {fileID: 552939035943231691}
  - component: {fileID: 4379599265640897496}
  - component: {fileID: 1379797697676668325}
  - component: {fileID: 583770193089836453}
  m_Layer: 0
  m_Name: Cube
  m_TagString: Untagged
  m_Icon: {fileID: 0}
  m_NavMeshLayer: 0
  m_StaticEditorFlags: 0
  m_IsActive: 1
--- !u!4 &552939035943231691
Transform:
  m_ObjectHideFlags: 0
  m_CorrespondingSourceObject: {fileID: 0}
  m_PrefabInstance: {fileID: 0}
  m_PrefabAsset: {fileID: 0}
  m_GameObject: {fileID: 4081657022387271859}
  m_LocalRotation: {x: -0, y: -0, z: -0, w: 1}
  m_LocalPosition: {x: 0.05, y: -0.42, z: 0.08}
  m_LocalScale: {x: 10.788684, y: 1, z: 14.93089}
  m_Children: []
  m_Father: {fileID: 8476986087979631424}
  m_RootOrder: 0
  m_LocalEulerAnglesHint: {x: 0, y: 0, z: 0}
--- !u!33 &4379599265640897496
MeshFilter:
  m_ObjectHideFlags: 0
  m_CorrespondingSourceObject: {fileID: 0}
  m_PrefabInstance: {fileID: 0}
  m_PrefabAsset: {fileID: 0}
  m_GameObject: {fileID: 4081657022387271859}
  m_Mesh: {fileID: 10202, guid: 0000000000000000e000000000000000, type: 0}
--- !u!23 &1379797697676668325
MeshRenderer:
  m_ObjectHideFlags: 0
  m_CorrespondingSourceObject: {fileID: 0}
  m_PrefabInstance: {fileID: 0}
  m_PrefabAsset: {fileID: 0}
  m_GameObject: {fileID: 4081657022387271859}
  m_Enabled: 1
  m_CastShadows: 1
  m_ReceiveShadows: 1
  m_DynamicOccludee: 1
  m_MotionVectors: 1
  m_LightProbeUsage: 1
  m_ReflectionProbeUsage: 1
  m_RayTracingMode: 2
  m_RayTraceProcedural: 0
  m_RenderingLayerMask: 1
  m_RendererPriority: 0
  m_Materials:
  - {fileID: 2100000, guid: e664260d060bb6a48a938fa1238bc4e7, type: 2}
  m_StaticBatchInfo:
    firstSubMesh: 0
    subMeshCount: 0
  m_StaticBatchRoot: {fileID: 0}
  m_ProbeAnchor: {fileID: 0}
  m_LightProbeVolumeOverride: {fileID: 0}
  m_ScaleInLightmap: 1
  m_ReceiveGI: 1
  m_PreserveUVs: 0
  m_IgnoreNormalsForChartDetection: 0
  m_ImportantGI: 0
  m_StitchLightmapSeams: 1
  m_SelectedEditorRenderState: 3
  m_MinimumChartSize: 4
  m_AutoUVMaxDistance: 0.5
  m_AutoUVMaxAngle: 89
  m_LightmapParameters: {fileID: 0}
  m_SortingLayerID: 0
  m_SortingLayer: 0
  m_SortingOrder: 0
  m_AdditionalVertexStreams: {fileID: 0}
--- !u!65 &583770193089836453
BoxCollider:
  m_ObjectHideFlags: 0
  m_CorrespondingSourceObject: {fileID: 0}
  m_PrefabInstance: {fileID: 0}
  m_PrefabAsset: {fileID: 0}
  m_GameObject: {fileID: 4081657022387271859}
  m_Material: {fileID: 0}
  m_IsTrigger: 0
  m_Enabled: 1
  serializedVersion: 2
  m_Size: {x: 1, y: 1, z: 1}
  m_Center: {x: 0, y: 0, z: 0}
--- !u!1 &8476986087979631425
GameObject:
  m_ObjectHideFlags: 0
  m_CorrespondingSourceObject: {fileID: 0}
  m_PrefabInstance: {fileID: 0}
  m_PrefabAsset: {fileID: 0}
  serializedVersion: 6
  m_Component:
  - component: {fileID: 8476986087979631424}
  - component: {fileID: 2021677916}
  m_Layer: 0
  m_Name: BuildingTemplate
  m_TagString: Untagged
  m_Icon: {fileID: 0}
  m_NavMeshLayer: 0
  m_StaticEditorFlags: 0
  m_IsActive: 1
--- !u!4 &8476986087979631424
Transform:
  m_ObjectHideFlags: 0
  m_CorrespondingSourceObject: {fileID: 0}
  m_PrefabInstance: {fileID: 0}
  m_PrefabAsset: {fileID: 0}
  m_GameObject: {fileID: 8476986087979631425}
  m_LocalRotation: {x: 0, y: 0, z: 0, w: 1}
  m_LocalPosition: {x: -5, y: 0, z: 9}
  m_LocalScale: {x: 1, y: 1, z: 1}
  m_Children:
  - {fileID: 552939035943231691}
  - {fileID: 4311190572636330633}
  - {fileID: 4441185676609582153}
  m_Father: {fileID: 0}
  m_RootOrder: 0
  m_LocalEulerAnglesHint: {x: 0, y: 0, z: 0}
--- !u!114 &2021677916
MonoBehaviour:
  m_ObjectHideFlags: 0
  m_CorrespondingSourceObject: {fileID: 0}
  m_PrefabInstance: {fileID: 0}
  m_PrefabAsset: {fileID: 0}
  m_GameObject: {fileID: 8476986087979631425}
  m_Enabled: 1
  m_EditorHideFlags: 0
  m_Script: {fileID: 11500000, guid: 846667a6dc2590b4885b3787efc43dd6, type: 3}
  m_Name: 
  m_EditorClassIdentifier: 
  Destroyed: 0
  DestroyedBuilding: {fileID: 3956854805429595891}
  NormalBuilding: {fileID: 3503726118772408371}
--- !u!1001 &1048402162849906403
PrefabInstance:
  m_ObjectHideFlags: 0
  serializedVersion: 2
  m_Modification:
    m_TransformParent: {fileID: 8476986087979631424}
    m_Modifications:
    - target: {fileID: 3688147798382250666, guid: 5e780292b870fb345927353314ae9bb5,
        type: 3}
      propertyPath: m_RootOrder
      value: 2
      objectReference: {fileID: 0}
    - target: {fileID: 3688147798382250666, guid: 5e780292b870fb345927353314ae9bb5,
        type: 3}
      propertyPath: m_LocalPosition.x
      value: 0
      objectReference: {fileID: 0}
    - target: {fileID: 3688147798382250666, guid: 5e780292b870fb345927353314ae9bb5,
        type: 3}
      propertyPath: m_LocalPosition.y
      value: 0
      objectReference: {fileID: 0}
    - target: {fileID: 3688147798382250666, guid: 5e780292b870fb345927353314ae9bb5,
        type: 3}
      propertyPath: m_LocalPosition.z
      value: 0
      objectReference: {fileID: 0}
    - target: {fileID: 3688147798382250666, guid: 5e780292b870fb345927353314ae9bb5,
        type: 3}
      propertyPath: m_LocalRotation.w
      value: 1
      objectReference: {fileID: 0}
    - target: {fileID: 3688147798382250666, guid: 5e780292b870fb345927353314ae9bb5,
        type: 3}
      propertyPath: m_LocalRotation.x
      value: 0
      objectReference: {fileID: 0}
    - target: {fileID: 3688147798382250666, guid: 5e780292b870fb345927353314ae9bb5,
        type: 3}
      propertyPath: m_LocalRotation.y
      value: 0
      objectReference: {fileID: 0}
    - target: {fileID: 3688147798382250666, guid: 5e780292b870fb345927353314ae9bb5,
        type: 3}
      propertyPath: m_LocalRotation.z
      value: 0
      objectReference: {fileID: 0}
    - target: {fileID: 3688147798382250666, guid: 5e780292b870fb345927353314ae9bb5,
        type: 3}
      propertyPath: m_LocalEulerAnglesHint.x
      value: 0
      objectReference: {fileID: 0}
    - target: {fileID: 3688147798382250666, guid: 5e780292b870fb345927353314ae9bb5,
        type: 3}
      propertyPath: m_LocalEulerAnglesHint.y
      value: 0
      objectReference: {fileID: 0}
    - target: {fileID: 3688147798382250666, guid: 5e780292b870fb345927353314ae9bb5,
        type: 3}
      propertyPath: m_LocalEulerAnglesHint.z
      value: 0
      objectReference: {fileID: 0}
    - target: {fileID: 4063722740598099984, guid: 5e780292b870fb345927353314ae9bb5,
        type: 3}
      propertyPath: m_Name
      value: Var3_Yellow_Broken2
      objectReference: {fileID: 0}
    m_RemovedComponents: []
  m_SourcePrefab: {fileID: 100100000, guid: 5e780292b870fb345927353314ae9bb5, type: 3}
--- !u!1 &3956854805429595891 stripped
GameObject:
  m_CorrespondingSourceObject: {fileID: 4063722740598099984, guid: 5e780292b870fb345927353314ae9bb5,
    type: 3}
  m_PrefabInstance: {fileID: 1048402162849906403}
  m_PrefabAsset: {fileID: 0}
--- !u!4 &4441185676609582153 stripped
Transform:
  m_CorrespondingSourceObject: {fileID: 3688147798382250666, guid: 5e780292b870fb345927353314ae9bb5,
    type: 3}
  m_PrefabInstance: {fileID: 1048402162849906403}
  m_PrefabAsset: {fileID: 0}
--- !u!1001 &1551526844280491391
PrefabInstance:
  m_ObjectHideFlags: 0
  serializedVersion: 2
  m_Modification:
    m_TransformParent: {fileID: 8476986087979631424}
    m_Modifications:
    - target: {fileID: 2672777693210234188, guid: c9aa043118566e8408490c47ef8c36ca,
        type: 3}
      propertyPath: m_Name
      value: Var3_Yellow
      objectReference: {fileID: 0}
    - target: {fileID: 3340630279740069878, guid: c9aa043118566e8408490c47ef8c36ca,
        type: 3}
      propertyPath: m_RootOrder
      value: 1
      objectReference: {fileID: 0}
    - target: {fileID: 3340630279740069878, guid: c9aa043118566e8408490c47ef8c36ca,
        type: 3}
      propertyPath: m_LocalPosition.x
      value: 0
      objectReference: {fileID: 0}
    - target: {fileID: 3340630279740069878, guid: c9aa043118566e8408490c47ef8c36ca,
        type: 3}
      propertyPath: m_LocalPosition.y
      value: 0
      objectReference: {fileID: 0}
    - target: {fileID: 3340630279740069878, guid: c9aa043118566e8408490c47ef8c36ca,
        type: 3}
      propertyPath: m_LocalPosition.z
      value: 0
      objectReference: {fileID: 0}
    - target: {fileID: 3340630279740069878, guid: c9aa043118566e8408490c47ef8c36ca,
        type: 3}
      propertyPath: m_LocalRotation.w
      value: 1
      objectReference: {fileID: 0}
    - target: {fileID: 3340630279740069878, guid: c9aa043118566e8408490c47ef8c36ca,
        type: 3}
      propertyPath: m_LocalRotation.x
      value: 0
      objectReference: {fileID: 0}
    - target: {fileID: 3340630279740069878, guid: c9aa043118566e8408490c47ef8c36ca,
        type: 3}
      propertyPath: m_LocalRotation.y
      value: 0
      objectReference: {fileID: 0}
    - target: {fileID: 3340630279740069878, guid: c9aa043118566e8408490c47ef8c36ca,
        type: 3}
      propertyPath: m_LocalRotation.z
      value: 0
      objectReference: {fileID: 0}
    - target: {fileID: 3340630279740069878, guid: c9aa043118566e8408490c47ef8c36ca,
        type: 3}
      propertyPath: m_LocalEulerAnglesHint.x
      value: 0
      objectReference: {fileID: 0}
    - target: {fileID: 3340630279740069878, guid: c9aa043118566e8408490c47ef8c36ca,
        type: 3}
      propertyPath: m_LocalEulerAnglesHint.y
      value: 0
      objectReference: {fileID: 0}
    - target: {fileID: 3340630279740069878, guid: c9aa043118566e8408490c47ef8c36ca,
        type: 3}
      propertyPath: m_LocalEulerAnglesHint.z
      value: 0
      objectReference: {fileID: 0}
    m_RemovedComponents: []
  m_SourcePrefab: {fileID: 100100000, guid: c9aa043118566e8408490c47ef8c36ca, type: 3}
--- !u!1 &3503726118772408371 stripped
GameObject:
  m_CorrespondingSourceObject: {fileID: 2672777693210234188, guid: c9aa043118566e8408490c47ef8c36ca,
    type: 3}
  m_PrefabInstance: {fileID: 1551526844280491391}
  m_PrefabAsset: {fileID: 0}
--- !u!4 &4311190572636330633 stripped
Transform:
  m_CorrespondingSourceObject: {fileID: 3340630279740069878, guid: c9aa043118566e8408490c47ef8c36ca,
    type: 3}
  m_PrefabInstance: {fileID: 1551526844280491391}
  m_PrefabAsset: {fileID: 0}
