%YAML 1.1
%TAG !u! tag:unity3d.com,2011:
--- !u!1 &351400288087221633
GameObject:
  m_ObjectHideFlags: 0
  m_CorrespondingSourceObject: {fileID: 0}
  m_PrefabInstance: {fileID: 0}
  m_PrefabAsset: {fileID: 0}
  serializedVersion: 6
  m_Component:
  - component: {fileID: 351400288087221637}
  - component: {fileID: 351400288087221636}
  - component: {fileID: 351400288087221639}
  - component: {fileID: 351400288087221638}
  - component: {fileID: 351400288087221658}
  - component: {fileID: 351400288087221659}
  m_Layer: 5
  m_Name: ProgrammingView (MUST BE ENABLED AT START)
  m_TagString: Untagged
  m_Icon: {fileID: 0}
  m_NavMeshLayer: 0
  m_StaticEditorFlags: 0
  m_IsActive: 1
--- !u!224 &351400288087221637
RectTransform:
  m_ObjectHideFlags: 0
  m_CorrespondingSourceObject: {fileID: 0}
  m_PrefabInstance: {fileID: 0}
  m_PrefabAsset: {fileID: 0}
  m_GameObject: {fileID: 351400288087221633}
  m_LocalRotation: {x: 0, y: 0, z: 0, w: 1}
  m_LocalPosition: {x: 0, y: 0, z: 0}
  m_LocalScale: {x: 0, y: 0, z: 0}
  m_Children:
  - {fileID: 1020335235071073574}
  - {fileID: 575368566148941298}
  m_Father: {fileID: 0}
  m_RootOrder: 0
  m_LocalEulerAnglesHint: {x: 0, y: 0, z: 0}
  m_AnchorMin: {x: 0, y: 0}
  m_AnchorMax: {x: 0, y: 0}
  m_AnchoredPosition: {x: 0, y: 0}
  m_SizeDelta: {x: 0, y: 0}
  m_Pivot: {x: 0, y: 0}
--- !u!223 &351400288087221636
Canvas:
  m_ObjectHideFlags: 0
  m_CorrespondingSourceObject: {fileID: 0}
  m_PrefabInstance: {fileID: 0}
  m_PrefabAsset: {fileID: 0}
  m_GameObject: {fileID: 351400288087221633}
  m_Enabled: 1
  serializedVersion: 3
  m_RenderMode: 0
  m_Camera: {fileID: 0}
  m_PlaneDistance: 100
  m_PixelPerfect: 1
  m_ReceivesEvents: 1
  m_OverrideSorting: 0
  m_OverridePixelPerfect: 0
  m_SortingBucketNormalizedSize: 0
  m_AdditionalShaderChannelsFlag: 0
  m_SortingLayerID: 0
  m_SortingOrder: 7
  m_TargetDisplay: 0
--- !u!114 &351400288087221639
MonoBehaviour:
  m_ObjectHideFlags: 0
  m_CorrespondingSourceObject: {fileID: 0}
  m_PrefabInstance: {fileID: 0}
  m_PrefabAsset: {fileID: 0}
  m_GameObject: {fileID: 351400288087221633}
  m_Enabled: 1
  m_EditorHideFlags: 0
  m_Script: {fileID: 11500000, guid: 0cd44c1031e13a943bb63640046fad76, type: 3}
  m_Name: 
  m_EditorClassIdentifier: 
  m_UiScaleMode: 1
  m_ReferencePixelsPerUnit: 100
  m_ScaleFactor: 1
  m_ReferenceResolution: {x: 1080, y: 750}
  m_ScreenMatchMode: 1
  m_MatchWidthOrHeight: 0
  m_PhysicalUnit: 3
  m_FallbackScreenDPI: 96
  m_DefaultSpriteDPI: 96
  m_DynamicPixelsPerUnit: 1
--- !u!114 &351400288087221638
MonoBehaviour:
  m_ObjectHideFlags: 0
  m_CorrespondingSourceObject: {fileID: 0}
  m_PrefabInstance: {fileID: 0}
  m_PrefabAsset: {fileID: 0}
  m_GameObject: {fileID: 351400288087221633}
  m_Enabled: 1
  m_EditorHideFlags: 0
  m_Script: {fileID: 11500000, guid: dc42784cf147c0c48a680349fa168899, type: 3}
  m_Name: 
  m_EditorClassIdentifier: 
  m_IgnoreReversedGraphics: 1
  m_BlockingObjects: 0
  m_BlockingMask:
    serializedVersion: 2
    m_Bits: 4294967295
--- !u!114 &351400288087221658
MonoBehaviour:
  m_ObjectHideFlags: 0
  m_CorrespondingSourceObject: {fileID: 0}
  m_PrefabInstance: {fileID: 0}
  m_PrefabAsset: {fileID: 0}
  m_GameObject: {fileID: 351400288087221633}
  m_Enabled: 0
  m_EditorHideFlags: 0
  m_Script: {fileID: 11500000, guid: e09a4b7ae29894a4194f95800d897bb0, type: 3}
  m_Name: 
  m_EditorClassIdentifier: 
  m_id: a66af4d9-4e1f-4d39-83ad-1306dd0bec5f
  m_leaveFreeSpace: 1
  minimumFreeSpace: {x: 50, y: 50}
  PreventDetachingLastDockedPanel: 0
  m_panelResizableAreaLength: 12
  m_canvasAnchorZoneLength: 20
  m_panelAnchorZoneLength: 100
  initialPanelsUnanchored:
  - tabs:
    - content: {fileID: 575368566148941298}
      id: d5dcff02-d694-486e-bf89-2c0de3accc09
      minimumSize: {x: 250, y: 300}
      tabLabel: Screencast
      tabIcon: {fileID: 21300000, guid: 9d8d9e208b65641ee8ce84f25121a483, type: 3}
  initialPanelsAnchoredSerialized:
  - panel:
      tabs: []
    anchorDirection: 0
    initialSize: {x: 0, y: 0}
    childCount: 1
    indexOfFirstChild: 1
  - panel:
      tabs: []
    anchorDirection: 1
    initialSize: {x: 0, y: 0}
    childCount: 0
    indexOfFirstChild: 2
--- !u!114 &351400288087221659
MonoBehaviour:
  m_ObjectHideFlags: 0
  m_CorrespondingSourceObject: {fileID: 0}
  m_PrefabInstance: {fileID: 0}
  m_PrefabAsset: {fileID: 0}
  m_GameObject: {fileID: 351400288087221633}
  m_Enabled: 1
  m_EditorHideFlags: 0
  m_Script: {fileID: 11500000, guid: 13f43f7a9474ed54489e906030258e3c, type: 3}
  m_Name: 
  m_EditorClassIdentifier: 
  horizontalCursor: {fileID: 2800000, guid: a9c77eeb970c9ae40a370ca7060be120, type: 3}
  verticalCursor: {fileID: 2800000, guid: 68ac78481f5b6df4da69a6f5133b6702, type: 3}
  diagonalCursorTopLeft: {fileID: 2800000, guid: cbaa205f7a905b8429011ee0c50015ea,
    type: 3}
  diagonalCursorTopRight: {fileID: 2800000, guid: e5a757b3ef912a24c912a99d9e1befe5,
    type: 3}
--- !u!1001 &351400287581582746
PrefabInstance:
  m_ObjectHideFlags: 0
  serializedVersion: 2
  m_Modification:
    m_TransformParent: {fileID: 351400288087221637}
    m_Modifications:
    - target: {fileID: 598004165980357770, guid: 1047458c5e9f8d74580db054ea5f1536,
        type: 3}
      propertyPath: LogConsoleMessages
      value: 1
      objectReference: {fileID: 0}
    - target: {fileID: 707521468701400408, guid: 1047458c5e9f8d74580db054ea5f1536,
        type: 3}
      propertyPath: m_Name
      value: CodingWindow
      objectReference: {fileID: 0}
    - target: {fileID: 707521468701400408, guid: 1047458c5e9f8d74580db054ea5f1536,
        type: 3}
      propertyPath: m_IsActive
      value: 1
      objectReference: {fileID: 0}
    - target: {fileID: 777040048540149948, guid: 1047458c5e9f8d74580db054ea5f1536,
        type: 3}
      propertyPath: m_Pivot.x
      value: 0
      objectReference: {fileID: 0}
    - target: {fileID: 777040048540149948, guid: 1047458c5e9f8d74580db054ea5f1536,
        type: 3}
      propertyPath: m_Pivot.y
      value: 0.5
      objectReference: {fileID: 0}
    - target: {fileID: 777040048540149948, guid: 1047458c5e9f8d74580db054ea5f1536,
        type: 3}
      propertyPath: m_RootOrder
      value: 0
      objectReference: {fileID: 0}
    - target: {fileID: 777040048540149948, guid: 1047458c5e9f8d74580db054ea5f1536,
        type: 3}
      propertyPath: m_AnchorMax.x
      value: 0.5
      objectReference: {fileID: 0}
    - target: {fileID: 777040048540149948, guid: 1047458c5e9f8d74580db054ea5f1536,
        type: 3}
      propertyPath: m_AnchorMax.y
      value: 1
      objectReference: {fileID: 0}
    - target: {fileID: 777040048540149948, guid: 1047458c5e9f8d74580db054ea5f1536,
        type: 3}
      propertyPath: m_AnchorMin.x
      value: 0
      objectReference: {fileID: 0}
    - target: {fileID: 777040048540149948, guid: 1047458c5e9f8d74580db054ea5f1536,
        type: 3}
      propertyPath: m_AnchorMin.y
      value: 0
      objectReference: {fileID: 0}
    - target: {fileID: 777040048540149948, guid: 1047458c5e9f8d74580db054ea5f1536,
        type: 3}
      propertyPath: m_SizeDelta.x
      value: 0
      objectReference: {fileID: 0}
    - target: {fileID: 777040048540149948, guid: 1047458c5e9f8d74580db054ea5f1536,
        type: 3}
      propertyPath: m_SizeDelta.y
      value: 0
      objectReference: {fileID: 0}
    - target: {fileID: 777040048540149948, guid: 1047458c5e9f8d74580db054ea5f1536,
        type: 3}
      propertyPath: m_LocalPosition.x
      value: 0
      objectReference: {fileID: 0}
    - target: {fileID: 777040048540149948, guid: 1047458c5e9f8d74580db054ea5f1536,
        type: 3}
      propertyPath: m_LocalPosition.y
      value: 0
      objectReference: {fileID: 0}
    - target: {fileID: 777040048540149948, guid: 1047458c5e9f8d74580db054ea5f1536,
        type: 3}
      propertyPath: m_LocalPosition.z
      value: 0
      objectReference: {fileID: 0}
    - target: {fileID: 777040048540149948, guid: 1047458c5e9f8d74580db054ea5f1536,
        type: 3}
      propertyPath: m_LocalRotation.w
      value: 1
      objectReference: {fileID: 0}
    - target: {fileID: 777040048540149948, guid: 1047458c5e9f8d74580db054ea5f1536,
        type: 3}
      propertyPath: m_LocalRotation.x
      value: -0
      objectReference: {fileID: 0}
    - target: {fileID: 777040048540149948, guid: 1047458c5e9f8d74580db054ea5f1536,
        type: 3}
      propertyPath: m_LocalRotation.y
      value: -0
      objectReference: {fileID: 0}
    - target: {fileID: 777040048540149948, guid: 1047458c5e9f8d74580db054ea5f1536,
        type: 3}
      propertyPath: m_LocalRotation.z
      value: -0
      objectReference: {fileID: 0}
    - target: {fileID: 777040048540149948, guid: 1047458c5e9f8d74580db054ea5f1536,
        type: 3}
      propertyPath: m_AnchoredPosition.x
      value: 0
      objectReference: {fileID: 0}
    - target: {fileID: 777040048540149948, guid: 1047458c5e9f8d74580db054ea5f1536,
        type: 3}
      propertyPath: m_AnchoredPosition.y
      value: 0
      objectReference: {fileID: 0}
    - target: {fileID: 777040048540149948, guid: 1047458c5e9f8d74580db054ea5f1536,
        type: 3}
      propertyPath: m_LocalEulerAnglesHint.x
      value: 0
      objectReference: {fileID: 0}
    - target: {fileID: 777040048540149948, guid: 1047458c5e9f8d74580db054ea5f1536,
        type: 3}
      propertyPath: m_LocalEulerAnglesHint.y
      value: 0
      objectReference: {fileID: 0}
    - target: {fileID: 777040048540149948, guid: 1047458c5e9f8d74580db054ea5f1536,
        type: 3}
      propertyPath: m_LocalEulerAnglesHint.z
      value: 0
      objectReference: {fileID: 0}
    - target: {fileID: 3531393025005765131, guid: 1047458c5e9f8d74580db054ea5f1536,
        type: 3}
      propertyPath: TeamName
      value: none
      objectReference: {fileID: 0}
    - target: {fileID: 3531393025005765131, guid: 1047458c5e9f8d74580db054ea5f1536,
        type: 3}
      propertyPath: PlayerName
      value: Temp
      objectReference: {fileID: 0}
    - target: {fileID: 3531393025005765131, guid: 1047458c5e9f8d74580db054ea5f1536,
        type: 3}
      propertyPath: ActiveRobot
      value: 
      objectReference: {fileID: 0}
    - target: {fileID: 3531393025005765131, guid: 1047458c5e9f8d74580db054ea5f1536,
        type: 3}
      propertyPath: ProgrammingCanvas
      value: 
      objectReference: {fileID: 351400288087221633}
    m_RemovedComponents: []
  m_SourcePrefab: {fileID: 100100000, guid: 1047458c5e9f8d74580db054ea5f1536, type: 3}
--- !u!224 &1020335235071073574 stripped
RectTransform:
  m_CorrespondingSourceObject: {fileID: 777040048540149948, guid: 1047458c5e9f8d74580db054ea5f1536,
    type: 3}
  m_PrefabInstance: {fileID: 351400287581582746}
  m_PrefabAsset: {fileID: 0}
--- !u!1001 &351400288079974628
PrefabInstance:
  m_ObjectHideFlags: 0
  serializedVersion: 2
  m_Modification:
    m_TransformParent: {fileID: 351400288087221637}
    m_Modifications:
    - target: {fileID: 1535822479614194, guid: 3e10f3b6a733e441c8352020cff2f1f6, type: 3}
      propertyPath: m_Name
      value: webRtc Canvas
      objectReference: {fileID: 0}
    - target: {fileID: 1535822479614194, guid: 3e10f3b6a733e441c8352020cff2f1f6, type: 3}
      propertyPath: m_IsActive
      value: 0
      objectReference: {fileID: 0}
    - target: {fileID: 114949863196309792, guid: 3e10f3b6a733e441c8352020cff2f1f6,
        type: 3}
      propertyPath: InitialUrl
      value: https://holyokecodes.org/GaleForceWebRTC/#GaleForceTeamA
      objectReference: {fileID: 0}
    - target: {fileID: 114949863196309792, guid: 3e10f3b6a733e441c8352020cff2f1f6,
        type: 3}
      propertyPath: InitialResolution
      value: 2
      objectReference: {fileID: 0}
    - target: {fileID: 224179541092979990, guid: 3e10f3b6a733e441c8352020cff2f1f6,
        type: 3}
      propertyPath: m_Pivot.x
      value: 0.5
      objectReference: {fileID: 0}
    - target: {fileID: 224179541092979990, guid: 3e10f3b6a733e441c8352020cff2f1f6,
        type: 3}
      propertyPath: m_Pivot.y
      value: 0.5
      objectReference: {fileID: 0}
    - target: {fileID: 224179541092979990, guid: 3e10f3b6a733e441c8352020cff2f1f6,
        type: 3}
      propertyPath: m_RootOrder
      value: 1
      objectReference: {fileID: 0}
    - target: {fileID: 224179541092979990, guid: 3e10f3b6a733e441c8352020cff2f1f6,
        type: 3}
      propertyPath: m_AnchorMax.x
      value: 0
      objectReference: {fileID: 0}
    - target: {fileID: 224179541092979990, guid: 3e10f3b6a733e441c8352020cff2f1f6,
        type: 3}
      propertyPath: m_AnchorMax.y
      value: 0
      objectReference: {fileID: 0}
    - target: {fileID: 224179541092979990, guid: 3e10f3b6a733e441c8352020cff2f1f6,
        type: 3}
      propertyPath: m_AnchorMin.x
      value: 0
      objectReference: {fileID: 0}
    - target: {fileID: 224179541092979990, guid: 3e10f3b6a733e441c8352020cff2f1f6,
        type: 3}
      propertyPath: m_AnchorMin.y
      value: 0
      objectReference: {fileID: 0}
    - target: {fileID: 224179541092979990, guid: 3e10f3b6a733e441c8352020cff2f1f6,
        type: 3}
      propertyPath: m_SizeDelta.x
      value: 866.45825
      objectReference: {fileID: 0}
    - target: {fileID: 224179541092979990, guid: 3e10f3b6a733e441c8352020cff2f1f6,
        type: 3}
      propertyPath: m_SizeDelta.y
      value: 502.58325
      objectReference: {fileID: 0}
    - target: {fileID: 224179541092979990, guid: 3e10f3b6a733e441c8352020cff2f1f6,
        type: 3}
      propertyPath: m_LocalScale.x
      value: 0.6944442
      objectReference: {fileID: 0}
    - target: {fileID: 224179541092979990, guid: 3e10f3b6a733e441c8352020cff2f1f6,
        type: 3}
      propertyPath: m_LocalScale.y
      value: 0.6944442
      objectReference: {fileID: 0}
    - target: {fileID: 224179541092979990, guid: 3e10f3b6a733e441c8352020cff2f1f6,
        type: 3}
      propertyPath: m_LocalScale.z
      value: 0.6944442
      objectReference: {fileID: 0}
    - target: {fileID: 224179541092979990, guid: 3e10f3b6a733e441c8352020cff2f1f6,
        type: 3}
      propertyPath: m_LocalPosition.x
      value: 0
      objectReference: {fileID: 0}
    - target: {fileID: 224179541092979990, guid: 3e10f3b6a733e441c8352020cff2f1f6,
        type: 3}
      propertyPath: m_LocalPosition.y
      value: 0
      objectReference: {fileID: 0}
    - target: {fileID: 224179541092979990, guid: 3e10f3b6a733e441c8352020cff2f1f6,
        type: 3}
      propertyPath: m_LocalPosition.z
      value: 0
      objectReference: {fileID: 0}
    - target: {fileID: 224179541092979990, guid: 3e10f3b6a733e441c8352020cff2f1f6,
        type: 3}
      propertyPath: m_LocalRotation.w
      value: 1
      objectReference: {fileID: 0}
    - target: {fileID: 224179541092979990, guid: 3e10f3b6a733e441c8352020cff2f1f6,
        type: 3}
      propertyPath: m_LocalRotation.x
      value: -0
      objectReference: {fileID: 0}
    - target: {fileID: 224179541092979990, guid: 3e10f3b6a733e441c8352020cff2f1f6,
        type: 3}
      propertyPath: m_LocalRotation.y
      value: -0
      objectReference: {fileID: 0}
    - target: {fileID: 224179541092979990, guid: 3e10f3b6a733e441c8352020cff2f1f6,
        type: 3}
      propertyPath: m_LocalRotation.z
      value: -0
      objectReference: {fileID: 0}
    - target: {fileID: 224179541092979990, guid: 3e10f3b6a733e441c8352020cff2f1f6,
        type: 3}
      propertyPath: m_AnchoredPosition.x
      value: 1016
      objectReference: {fileID: 0}
    - target: {fileID: 224179541092979990, guid: 3e10f3b6a733e441c8352020cff2f1f6,
        type: 3}
      propertyPath: m_AnchoredPosition.y
      value: 392
      objectReference: {fileID: 0}
    - target: {fileID: 224179541092979990, guid: 3e10f3b6a733e441c8352020cff2f1f6,
        type: 3}
      propertyPath: m_LocalEulerAnglesHint.x
      value: 0
      objectReference: {fileID: 0}
    - target: {fileID: 224179541092979990, guid: 3e10f3b6a733e441c8352020cff2f1f6,
        type: 3}
      propertyPath: m_LocalEulerAnglesHint.y
      value: 0
      objectReference: {fileID: 0}
    - target: {fileID: 224179541092979990, guid: 3e10f3b6a733e441c8352020cff2f1f6,
        type: 3}
      propertyPath: m_LocalEulerAnglesHint.z
      value: 0
      objectReference: {fileID: 0}
    m_RemovedComponents: []
  m_SourcePrefab: {fileID: 100100000, guid: 3e10f3b6a733e441c8352020cff2f1f6, type: 3}
--- !u!224 &575368566148941298 stripped
RectTransform:
  m_CorrespondingSourceObject: {fileID: 224179541092979990, guid: 3e10f3b6a733e441c8352020cff2f1f6,
    type: 3}
  m_PrefabInstance: {fileID: 351400288079974628}
  m_PrefabAsset: {fileID: 0}
