%YAML 1.1
%TAG !u! tag:unity3d.com,2011:
--- !u!1 &1607314450415426255
GameObject:
  m_ObjectHideFlags: 0
  m_CorrespondingSourceObject: {fileID: 0}
  m_PrefabInstance: {fileID: 0}
  m_PrefabAsset: {fileID: 0}
  serializedVersion: 6
  m_Component:
  - component: {fileID: 1607314450415426254}
  - component: {fileID: 7199600031595823826}
  - component: {fileID: -5875535404684430236}
  m_Layer: 0
  m_Name: House2_Green
  m_TagString: Untagged
  m_Icon: {fileID: 0}
  m_NavMeshLayer: 0
  m_StaticEditorFlags: 0
  m_IsActive: 1
--- !u!4 &1607314450415426254
Transform:
  m_ObjectHideFlags: 0
  m_CorrespondingSourceObject: {fileID: 0}
  m_PrefabInstance: {fileID: 0}
  m_PrefabAsset: {fileID: 0}
  m_GameObject: {fileID: 1607314450415426255}
  m_LocalRotation: {x: 0, y: 0, z: 0, w: 1}
  m_LocalPosition: {x: -14.86, y: 145.11, z: 207.78}
  m_LocalScale: {x: 1, y: 1, z: 1}
  m_Children:
  - {fileID: 3026302000778627447}
  - {fileID: 2364561419157107124}
  - {fileID: 6429204888420077862}
  m_Father: {fileID: 0}
  m_RootOrder: 0
  m_LocalEulerAnglesHint: {x: 0, y: 0, z: 0}
--- !u!114 &7199600031595823826
MonoBehaviour:
  m_ObjectHideFlags: 0
  m_CorrespondingSourceObject: {fileID: 0}
  m_PrefabInstance: {fileID: 0}
  m_PrefabAsset: {fileID: 0}
  m_GameObject: {fileID: 1607314450415426255}
  m_Enabled: 1
  m_EditorHideFlags: 0
  m_Script: {fileID: 11500000, guid: 846667a6dc2590b4885b3787efc43dd6, type: 3}
  m_Name: 
  m_EditorClassIdentifier: 
  NormalBuilding: {fileID: 2500699620095988685}
  DestroyedBuilding: {fileID: 3142189525506435854}
  Destroyed: 0
--- !u!65 &-5875535404684430236
BoxCollider:
  m_ObjectHideFlags: 0
  m_CorrespondingSourceObject: {fileID: 0}
  m_PrefabInstance: {fileID: 0}
  m_PrefabAsset: {fileID: 0}
  m_GameObject: {fileID: 1607314450415426255}
  m_Material: {fileID: 0}
  m_IsTrigger: 0
  m_Enabled: 1
  serializedVersion: 2
  m_Size: {x: 1, y: 1, z: 1}
  m_Center: {x: 0, y: 0, z: 0}
--- !u!1001 &821469693573478510
PrefabInstance:
  m_ObjectHideFlags: 0
  serializedVersion: 2
  m_Modification:
    m_TransformParent: {fileID: 1607314450415426254}
    m_Modifications:
    - target: {fileID: 2377125365076300640, guid: 52bad63bb5f029340aadeece6103a04b,
        type: 3}
      propertyPath: m_Name
      value: Var2_Green_Broken
      objectReference: {fileID: 0}
    - target: {fileID: 3149966949400824282, guid: 52bad63bb5f029340aadeece6103a04b,
        type: 3}
      propertyPath: m_RootOrder
      value: 1
      objectReference: {fileID: 0}
    - target: {fileID: 3149966949400824282, guid: 52bad63bb5f029340aadeece6103a04b,
        type: 3}
      propertyPath: m_LocalPosition.x
      value: 0
      objectReference: {fileID: 0}
    - target: {fileID: 3149966949400824282, guid: 52bad63bb5f029340aadeece6103a04b,
        type: 3}
      propertyPath: m_LocalPosition.y
      value: 0
      objectReference: {fileID: 0}
    - target: {fileID: 3149966949400824282, guid: 52bad63bb5f029340aadeece6103a04b,
        type: 3}
      propertyPath: m_LocalPosition.z
      value: 0
      objectReference: {fileID: 0}
    - target: {fileID: 3149966949400824282, guid: 52bad63bb5f029340aadeece6103a04b,
        type: 3}
      propertyPath: m_LocalRotation.w
      value: 1
      objectReference: {fileID: 0}
    - target: {fileID: 3149966949400824282, guid: 52bad63bb5f029340aadeece6103a04b,
        type: 3}
      propertyPath: m_LocalRotation.x
      value: 0
      objectReference: {fileID: 0}
    - target: {fileID: 3149966949400824282, guid: 52bad63bb5f029340aadeece6103a04b,
        type: 3}
      propertyPath: m_LocalRotation.y
      value: 0
      objectReference: {fileID: 0}
    - target: {fileID: 3149966949400824282, guid: 52bad63bb5f029340aadeece6103a04b,
        type: 3}
      propertyPath: m_LocalRotation.z
      value: 0
      objectReference: {fileID: 0}
    - target: {fileID: 3149966949400824282, guid: 52bad63bb5f029340aadeece6103a04b,
        type: 3}
      propertyPath: m_LocalEulerAnglesHint.x
      value: 0
      objectReference: {fileID: 0}
    - target: {fileID: 3149966949400824282, guid: 52bad63bb5f029340aadeece6103a04b,
        type: 3}
      propertyPath: m_LocalEulerAnglesHint.y
      value: 0
      objectReference: {fileID: 0}
    - target: {fileID: 3149966949400824282, guid: 52bad63bb5f029340aadeece6103a04b,
        type: 3}
      propertyPath: m_LocalEulerAnglesHint.z
      value: 0
      objectReference: {fileID: 0}
    m_RemovedComponents: []
  m_SourcePrefab: {fileID: 100100000, guid: 52bad63bb5f029340aadeece6103a04b, type: 3}
--- !u!1 &3142189525506435854 stripped
GameObject:
  m_CorrespondingSourceObject: {fileID: 2377125365076300640, guid: 52bad63bb5f029340aadeece6103a04b,
    type: 3}
  m_PrefabInstance: {fileID: 821469693573478510}
  m_PrefabAsset: {fileID: 0}
--- !u!4 &2364561419157107124 stripped
Transform:
  m_CorrespondingSourceObject: {fileID: 3149966949400824282, guid: 52bad63bb5f029340aadeece6103a04b,
    type: 3}
  m_PrefabInstance: {fileID: 821469693573478510}
  m_PrefabAsset: {fileID: 0}
--- !u!1001 &4160604635098122453
PrefabInstance:
  m_ObjectHideFlags: 0
  serializedVersion: 2
  m_Modification:
    m_TransformParent: {fileID: 1607314450415426254}
    m_Modifications:
    - target: {fileID: 6954806970660805107, guid: 2f3ce0e46a20c0741ae7b6ac570df44d,
        type: 3}
      propertyPath: m_RootOrder
      value: 2
      objectReference: {fileID: 0}
    - target: {fileID: 6954806970660805107, guid: 2f3ce0e46a20c0741ae7b6ac570df44d,
        type: 3}
      propertyPath: m_LocalScale.x
      value: 4.4649
      objectReference: {fileID: 0}
    - target: {fileID: 6954806970660805107, guid: 2f3ce0e46a20c0741ae7b6ac570df44d,
        type: 3}
      propertyPath: m_LocalScale.y
      value: 4.4649
      objectReference: {fileID: 0}
    - target: {fileID: 6954806970660805107, guid: 2f3ce0e46a20c0741ae7b6ac570df44d,
        type: 3}
      propertyPath: m_LocalScale.z
      value: 4.4649
      objectReference: {fileID: 0}
    - target: {fileID: 6954806970660805107, guid: 2f3ce0e46a20c0741ae7b6ac570df44d,
        type: 3}
      propertyPath: m_LocalPosition.x
      value: 0
      objectReference: {fileID: 0}
    - target: {fileID: 6954806970660805107, guid: 2f3ce0e46a20c0741ae7b6ac570df44d,
        type: 3}
      propertyPath: m_LocalPosition.y
      value: -0.15
      objectReference: {fileID: 0}
    - target: {fileID: 6954806970660805107, guid: 2f3ce0e46a20c0741ae7b6ac570df44d,
        type: 3}
      propertyPath: m_LocalPosition.z
      value: 1.01
      objectReference: {fileID: 0}
    - target: {fileID: 6954806970660805107, guid: 2f3ce0e46a20c0741ae7b6ac570df44d,
        type: 3}
      propertyPath: m_LocalRotation.w
      value: 1
      objectReference: {fileID: 0}
    - target: {fileID: 6954806970660805107, guid: 2f3ce0e46a20c0741ae7b6ac570df44d,
        type: 3}
      propertyPath: m_LocalRotation.x
      value: 0
      objectReference: {fileID: 0}
    - target: {fileID: 6954806970660805107, guid: 2f3ce0e46a20c0741ae7b6ac570df44d,
        type: 3}
      propertyPath: m_LocalRotation.y
      value: 0
      objectReference: {fileID: 0}
    - target: {fileID: 6954806970660805107, guid: 2f3ce0e46a20c0741ae7b6ac570df44d,
        type: 3}
      propertyPath: m_LocalRotation.z
      value: 0
      objectReference: {fileID: 0}
    - target: {fileID: 6954806970660805107, guid: 2f3ce0e46a20c0741ae7b6ac570df44d,
        type: 3}
      propertyPath: m_LocalEulerAnglesHint.x
      value: 0
      objectReference: {fileID: 0}
    - target: {fileID: 6954806970660805107, guid: 2f3ce0e46a20c0741ae7b6ac570df44d,
        type: 3}
      propertyPath: m_LocalEulerAnglesHint.y
      value: 0
      objectReference: {fileID: 0}
    - target: {fileID: 6954806970660805107, guid: 2f3ce0e46a20c0741ae7b6ac570df44d,
        type: 3}
      propertyPath: m_LocalEulerAnglesHint.z
      value: 0
      objectReference: {fileID: 0}
    - target: {fileID: 7768604611234333513, guid: 2f3ce0e46a20c0741ae7b6ac570df44d,
        type: 3}
      propertyPath: m_Name
      value: Roads_Road
      objectReference: {fileID: 0}
    m_RemovedComponents: []
  m_SourcePrefab: {fileID: 100100000, guid: 2f3ce0e46a20c0741ae7b6ac570df44d, type: 3}
--- !u!4 &6429204888420077862 stripped
Transform:
  m_CorrespondingSourceObject: {fileID: 6954806970660805107, guid: 2f3ce0e46a20c0741ae7b6ac570df44d,
    type: 3}
  m_PrefabInstance: {fileID: 4160604635098122453}
  m_PrefabAsset: {fileID: 0}
--- !u!1001 &4383524334806030956
PrefabInstance:
  m_ObjectHideFlags: 0
  serializedVersion: 2
  m_Modification:
    m_TransformParent: {fileID: 1607314450415426254}
    m_Modifications:
    - target: {fileID: 1525310196775260955, guid: 7af1618c36ca34347bb7d655c878d75b,
        type: 3}
      propertyPath: m_RootOrder
      value: 0
      objectReference: {fileID: 0}
    - target: {fileID: 1525310196775260955, guid: 7af1618c36ca34347bb7d655c878d75b,
        type: 3}
      propertyPath: m_LocalPosition.x
      value: 0
      objectReference: {fileID: 0}
    - target: {fileID: 1525310196775260955, guid: 7af1618c36ca34347bb7d655c878d75b,
        type: 3}
      propertyPath: m_LocalPosition.y
      value: 0
      objectReference: {fileID: 0}
    - target: {fileID: 1525310196775260955, guid: 7af1618c36ca34347bb7d655c878d75b,
        type: 3}
      propertyPath: m_LocalPosition.z
      value: 0
      objectReference: {fileID: 0}
    - target: {fileID: 1525310196775260955, guid: 7af1618c36ca34347bb7d655c878d75b,
        type: 3}
      propertyPath: m_LocalRotation.w
      value: 1
      objectReference: {fileID: 0}
    - target: {fileID: 1525310196775260955, guid: 7af1618c36ca34347bb7d655c878d75b,
        type: 3}
      propertyPath: m_LocalRotation.x
      value: 0
      objectReference: {fileID: 0}
    - target: {fileID: 1525310196775260955, guid: 7af1618c36ca34347bb7d655c878d75b,
        type: 3}
      propertyPath: m_LocalRotation.y
      value: 0
      objectReference: {fileID: 0}
    - target: {fileID: 1525310196775260955, guid: 7af1618c36ca34347bb7d655c878d75b,
        type: 3}
      propertyPath: m_LocalRotation.z
      value: 0
      objectReference: {fileID: 0}
    - target: {fileID: 1525310196775260955, guid: 7af1618c36ca34347bb7d655c878d75b,
        type: 3}
      propertyPath: m_LocalEulerAnglesHint.x
      value: 0
      objectReference: {fileID: 0}
    - target: {fileID: 1525310196775260955, guid: 7af1618c36ca34347bb7d655c878d75b,
        type: 3}
      propertyPath: m_LocalEulerAnglesHint.y
      value: 0
      objectReference: {fileID: 0}
    - target: {fileID: 1525310196775260955, guid: 7af1618c36ca34347bb7d655c878d75b,
        type: 3}
      propertyPath: m_LocalEulerAnglesHint.z
      value: 0
      objectReference: {fileID: 0}
    - target: {fileID: 2189080537151457697, guid: 7af1618c36ca34347bb7d655c878d75b,
        type: 3}
      propertyPath: m_Name
      value: Var2_Green
      objectReference: {fileID: 0}
    m_RemovedComponents: []
  m_SourcePrefab: {fileID: 100100000, guid: 7af1618c36ca34347bb7d655c878d75b, type: 3}
--- !u!1 &2500699620095988685 stripped
GameObject:
  m_CorrespondingSourceObject: {fileID: 2189080537151457697, guid: 7af1618c36ca34347bb7d655c878d75b,
    type: 3}
  m_PrefabInstance: {fileID: 4383524334806030956}
  m_PrefabAsset: {fileID: 0}
--- !u!4 &3026302000778627447 stripped
Transform:
  m_CorrespondingSourceObject: {fileID: 1525310196775260955, guid: 7af1618c36ca34347bb7d655c878d75b,
    type: 3}
  m_PrefabInstance: {fileID: 4383524334806030956}
  m_PrefabAsset: {fileID: 0}
