%YAML 1.1
%TAG !u! tag:unity3d.com,2011:
--- !u!1 &113354781889662339
GameObject:
  m_ObjectHideFlags: 0
  m_CorrespondingSourceObject: {fileID: 0}
  m_PrefabInstance: {fileID: 0}
  m_PrefabAsset: {fileID: 0}
  serializedVersion: 6
  m_Component:
  - component: {fileID: 3245385159763056941}
  - component: {fileID: 3727366927667043225}
  - component: {fileID: 409087399893771899}
  - component: {fileID: 4736009583656471266}
  m_Layer: 0
  m_Name: Cube
  m_TagString: Untagged
  m_Icon: {fileID: 0}
  m_NavMeshLayer: 0
  m_StaticEditorFlags: 0
  m_IsActive: 1
--- !u!4 &3245385159763056941
Transform:
  m_ObjectHideFlags: 0
  m_CorrespondingSourceObject: {fileID: 0}
  m_PrefabInstance: {fileID: 0}
  m_PrefabAsset: {fileID: 0}
  m_GameObject: {fileID: 113354781889662339}
  m_LocalRotation: {x: -0, y: -0, z: -0, w: 1}
  m_LocalPosition: {x: -0.00000047683716, y: -0.4, z: 0.16}
  m_LocalScale: {x: 21.063, y: 1, z: 9.02}
  m_Children: []
  m_Father: {fileID: 8213721978884936782}
  m_RootOrder: 2
  m_LocalEulerAnglesHint: {x: 0, y: 0, z: 0}
--- !u!33 &3727366927667043225
MeshFilter:
  m_ObjectHideFlags: 0
  m_CorrespondingSourceObject: {fileID: 0}
  m_PrefabInstance: {fileID: 0}
  m_PrefabAsset: {fileID: 0}
  m_GameObject: {fileID: 113354781889662339}
  m_Mesh: {fileID: 10202, guid: 0000000000000000e000000000000000, type: 0}
--- !u!23 &409087399893771899
MeshRenderer:
  m_ObjectHideFlags: 0
  m_CorrespondingSourceObject: {fileID: 0}
  m_PrefabInstance: {fileID: 0}
  m_PrefabAsset: {fileID: 0}
  m_GameObject: {fileID: 113354781889662339}
  m_Enabled: 1
  m_CastShadows: 1
  m_ReceiveShadows: 1
  m_DynamicOccludee: 1
  m_MotionVectors: 1
  m_LightProbeUsage: 1
  m_ReflectionProbeUsage: 1
  m_RayTracingMode: 2
  m_RayTraceProcedural: 0
  m_RenderingLayerMask: 1
  m_RendererPriority: 0
  m_Materials:
  - {fileID: 2100000, guid: e664260d060bb6a48a938fa1238bc4e7, type: 2}
  m_StaticBatchInfo:
    firstSubMesh: 0
    subMeshCount: 0
  m_StaticBatchRoot: {fileID: 0}
  m_ProbeAnchor: {fileID: 0}
  m_LightProbeVolumeOverride: {fileID: 0}
  m_ScaleInLightmap: 1
  m_ReceiveGI: 1
  m_PreserveUVs: 0
  m_IgnoreNormalsForChartDetection: 0
  m_ImportantGI: 0
  m_StitchLightmapSeams: 1
  m_SelectedEditorRenderState: 3
  m_MinimumChartSize: 4
  m_AutoUVMaxDistance: 0.5
  m_AutoUVMaxAngle: 89
  m_LightmapParameters: {fileID: 0}
  m_SortingLayerID: 0
  m_SortingLayer: 0
  m_SortingOrder: 0
  m_AdditionalVertexStreams: {fileID: 0}
--- !u!65 &4736009583656471266
BoxCollider:
  m_ObjectHideFlags: 0
  m_CorrespondingSourceObject: {fileID: 0}
  m_PrefabInstance: {fileID: 0}
  m_PrefabAsset: {fileID: 0}
  m_GameObject: {fileID: 113354781889662339}
  m_Material: {fileID: 0}
  m_IsTrigger: 0
  m_Enabled: 1
  serializedVersion: 2
  m_Size: {x: 1, y: 1, z: 1}
  m_Center: {x: 0, y: 0, z: 0}
--- !u!1 &8213721978884936783
GameObject:
  m_ObjectHideFlags: 0
  m_CorrespondingSourceObject: {fileID: 0}
  m_PrefabInstance: {fileID: 0}
  m_PrefabAsset: {fileID: 0}
  serializedVersion: 6
  m_Component:
  - component: {fileID: 8213721978884936782}
  - component: {fileID: 313366793587870802}
  m_Layer: 0
  m_Name: Motel1_2_Blue
  m_TagString: Untagged
  m_Icon: {fileID: 0}
  m_NavMeshLayer: 0
  m_StaticEditorFlags: 0
  m_IsActive: 1
--- !u!4 &8213721978884936782
Transform:
  m_ObjectHideFlags: 0
  m_CorrespondingSourceObject: {fileID: 0}
  m_PrefabInstance: {fileID: 0}
  m_PrefabAsset: {fileID: 0}
  m_GameObject: {fileID: 8213721978884936783}
  m_LocalRotation: {x: 0, y: 0, z: 0, w: 1}
  m_LocalPosition: {x: 0, y: 0, z: 0}
  m_LocalScale: {x: 1, y: 1, z: 1}
  m_Children:
  - {fileID: 1931892258811531191}
  - {fileID: 5361936057323149728}
  - {fileID: 3245385159763056941}
  m_Father: {fileID: 0}
  m_RootOrder: 0
  m_LocalEulerAnglesHint: {x: 0, y: 0, z: 0}
--- !u!114 &313366793587870802
MonoBehaviour:
  m_ObjectHideFlags: 0
  m_CorrespondingSourceObject: {fileID: 0}
  m_PrefabInstance: {fileID: 0}
  m_PrefabAsset: {fileID: 0}
  m_GameObject: {fileID: 8213721978884936783}
  m_Enabled: 1
  m_EditorHideFlags: 0
  m_Script: {fileID: 11500000, guid: 846667a6dc2590b4885b3787efc43dd6, type: 3}
  m_Name: 
  m_EditorClassIdentifier: 
  Destroyed: 0
  DestroyedBuilding: {fileID: 4693521311399052058}
  NormalBuilding: {fileID: 1262315672612476173}
--- !u!1001 &899710188198874743
PrefabInstance:
  m_ObjectHideFlags: 0
  serializedVersion: 2
  m_Modification:
    m_TransformParent: {fileID: 8213721978884936782}
    m_Modifications:
    - target: {fileID: 5049948919312553943, guid: 7595f453e0ab4634d90939b2871e375b,
        type: 3}
      propertyPath: m_RootOrder
      value: 1
      objectReference: {fileID: 0}
    - target: {fileID: 5049948919312553943, guid: 7595f453e0ab4634d90939b2871e375b,
        type: 3}
      propertyPath: m_LocalPosition.x
      value: 0
      objectReference: {fileID: 0}
    - target: {fileID: 5049948919312553943, guid: 7595f453e0ab4634d90939b2871e375b,
        type: 3}
      propertyPath: m_LocalPosition.y
      value: 0
      objectReference: {fileID: 0}
    - target: {fileID: 5049948919312553943, guid: 7595f453e0ab4634d90939b2871e375b,
        type: 3}
      propertyPath: m_LocalPosition.z
      value: 0
      objectReference: {fileID: 0}
    - target: {fileID: 5049948919312553943, guid: 7595f453e0ab4634d90939b2871e375b,
        type: 3}
      propertyPath: m_LocalRotation.w
      value: 1
      objectReference: {fileID: 0}
    - target: {fileID: 5049948919312553943, guid: 7595f453e0ab4634d90939b2871e375b,
        type: 3}
      propertyPath: m_LocalRotation.x
      value: 0
      objectReference: {fileID: 0}
    - target: {fileID: 5049948919312553943, guid: 7595f453e0ab4634d90939b2871e375b,
        type: 3}
      propertyPath: m_LocalRotation.y
      value: 0
      objectReference: {fileID: 0}
    - target: {fileID: 5049948919312553943, guid: 7595f453e0ab4634d90939b2871e375b,
        type: 3}
      propertyPath: m_LocalRotation.z
      value: 0
      objectReference: {fileID: 0}
    - target: {fileID: 5049948919312553943, guid: 7595f453e0ab4634d90939b2871e375b,
        type: 3}
      propertyPath: m_LocalEulerAnglesHint.x
      value: 0
      objectReference: {fileID: 0}
    - target: {fileID: 5049948919312553943, guid: 7595f453e0ab4634d90939b2871e375b,
        type: 3}
      propertyPath: m_LocalEulerAnglesHint.y
      value: 0
      objectReference: {fileID: 0}
    - target: {fileID: 5049948919312553943, guid: 7595f453e0ab4634d90939b2871e375b,
        type: 3}
      propertyPath: m_LocalEulerAnglesHint.z
      value: 0
      objectReference: {fileID: 0}
    - target: {fileID: 5575128022120287597, guid: 7595f453e0ab4634d90939b2871e375b,
        type: 3}
      propertyPath: m_Name
      value: Motel1_Blue_Broken2
      objectReference: {fileID: 0}
    m_RemovedComponents: []
  m_SourcePrefab: {fileID: 100100000, guid: 7595f453e0ab4634d90939b2871e375b, type: 3}
--- !u!1 &4693521311399052058 stripped
GameObject:
  m_CorrespondingSourceObject: {fileID: 5575128022120287597, guid: 7595f453e0ab4634d90939b2871e375b,
    type: 3}
  m_PrefabInstance: {fileID: 899710188198874743}
  m_PrefabAsset: {fileID: 0}
--- !u!4 &5361936057323149728 stripped
Transform:
  m_CorrespondingSourceObject: {fileID: 5049948919312553943, guid: 7595f453e0ab4634d90939b2871e375b,
    type: 3}
  m_PrefabInstance: {fileID: 899710188198874743}
  m_PrefabAsset: {fileID: 0}
--- !u!1001 &3599671059907070814
PrefabInstance:
  m_ObjectHideFlags: 0
  serializedVersion: 2
  m_Modification:
    m_TransformParent: {fileID: 8213721978884936782}
    m_Modifications:
    - target: {fileID: 2337434913327439443, guid: 376ae7c504431ec4dbf7be83e189e0f3,
        type: 3}
      propertyPath: m_Name
      value: Motel1_Blue
      objectReference: {fileID: 0}
    - target: {fileID: 3115343085367330025, guid: 376ae7c504431ec4dbf7be83e189e0f3,
        type: 3}
      propertyPath: m_RootOrder
      value: 0
      objectReference: {fileID: 0}
    - target: {fileID: 3115343085367330025, guid: 376ae7c504431ec4dbf7be83e189e0f3,
        type: 3}
      propertyPath: m_LocalPosition.x
      value: 0
      objectReference: {fileID: 0}
    - target: {fileID: 3115343085367330025, guid: 376ae7c504431ec4dbf7be83e189e0f3,
        type: 3}
      propertyPath: m_LocalPosition.y
      value: 0
      objectReference: {fileID: 0}
    - target: {fileID: 3115343085367330025, guid: 376ae7c504431ec4dbf7be83e189e0f3,
        type: 3}
      propertyPath: m_LocalPosition.z
      value: 0
      objectReference: {fileID: 0}
    - target: {fileID: 3115343085367330025, guid: 376ae7c504431ec4dbf7be83e189e0f3,
        type: 3}
      propertyPath: m_LocalRotation.w
      value: 1
      objectReference: {fileID: 0}
    - target: {fileID: 3115343085367330025, guid: 376ae7c504431ec4dbf7be83e189e0f3,
        type: 3}
      propertyPath: m_LocalRotation.x
      value: 0
      objectReference: {fileID: 0}
    - target: {fileID: 3115343085367330025, guid: 376ae7c504431ec4dbf7be83e189e0f3,
        type: 3}
      propertyPath: m_LocalRotation.y
      value: 0
      objectReference: {fileID: 0}
    - target: {fileID: 3115343085367330025, guid: 376ae7c504431ec4dbf7be83e189e0f3,
        type: 3}
      propertyPath: m_LocalRotation.z
      value: 0
      objectReference: {fileID: 0}
    - target: {fileID: 3115343085367330025, guid: 376ae7c504431ec4dbf7be83e189e0f3,
        type: 3}
      propertyPath: m_LocalEulerAnglesHint.x
      value: 0
      objectReference: {fileID: 0}
    - target: {fileID: 3115343085367330025, guid: 376ae7c504431ec4dbf7be83e189e0f3,
        type: 3}
      propertyPath: m_LocalEulerAnglesHint.y
      value: 0
      objectReference: {fileID: 0}
    - target: {fileID: 3115343085367330025, guid: 376ae7c504431ec4dbf7be83e189e0f3,
        type: 3}
      propertyPath: m_LocalEulerAnglesHint.z
      value: 0
      objectReference: {fileID: 0}
    m_RemovedComponents: []
  m_SourcePrefab: {fileID: 100100000, guid: 376ae7c504431ec4dbf7be83e189e0f3, type: 3}
--- !u!1 &1262315672612476173 stripped
GameObject:
  m_CorrespondingSourceObject: {fileID: 2337434913327439443, guid: 376ae7c504431ec4dbf7be83e189e0f3,
    type: 3}
  m_PrefabInstance: {fileID: 3599671059907070814}
  m_PrefabAsset: {fileID: 0}
--- !u!4 &1931892258811531191 stripped
Transform:
  m_CorrespondingSourceObject: {fileID: 3115343085367330025, guid: 376ae7c504431ec4dbf7be83e189e0f3,
    type: 3}
  m_PrefabInstance: {fileID: 3599671059907070814}
  m_PrefabAsset: {fileID: 0}
